2610 4634
486 298 561 345 uin.
584 287 621 342 11.
660 299 741 344 cur.
763 283 813 344 27.
1128 285 1167 344 77

132 490 205 547 Nam
221 487 246 545 si
265 487 358 545 omnia
379 487 527 560 fugiendae
549 487 725 560 turpitudinis
743 485 991 560 adipiscendaeque
1016 487 1168 544 honestatis

132 612 217 653 eausa
239 595 382 667 iaciemus,
408 612 463 650 non
487 595 570 650 modo
592 595 718 651 stimulos
740 593 855 665 doloris,
879 595 928 649 sed
950 593 1169 651 etiam-fulmina

132 704 260 760 fortunae
282 709 489 759 contemnamus
507 701 609 774 iicebit,
626 701 788 772 praesertim
802 717 888 772 quum
905 708 1028 771 paratum
1046 700 1082 756 sit
1098 701 1168 757 illud

133 827 168 894 ex
191 810 319 865 hestema
341 808 525 880 disputatione
547 807 715 881 perfugium.
749 805 799 865 67.
822 808 858 864 Ut
881 807 954 863 euim
977 807 999 862 si
1016 782 1065 863 ⁴cui
1088 808 1167 867 naui-

133 917 218 989 ganti,
238 932 322 988 quem
336 917 490 987 praedones
512 914 702 988 insequantur,
722 893 793 970 deus
815 914 863 986 qui
885 913 1002 971 dixerit:
1026 914 1115 988 „Eice
1142 922 1168 971 te

132 1024 168 1079 de
190 1022 273 1093 naui,
296 1030 405 1095 praesto
428 1029 480 1093 est,
503 1023 552 1094 qui
574 1021 706 1093 excipiat,
729 1022 776 1077 uel
799 1020 962 1093 delphinus,
985 1027 1016 1078 ut
1037 1021 1168 1078 Arionem

132 1130 376 1202 Methymnam,
406 1131 451 1185 uel
473 1129 538 1202 equi
560 1129 673 1200 Pelopis
694 1127 736 1184 itti
764 1127 909 1199 Neptunii,
939 1126 986 1200 qui
1005 1145 1057 1200 per
1078 1131 1167 1184 certus

104 1244 231 1293 'currus
254 1253 401 1309 suspensos
422 1239 550 1309 rapuisse
571 1234 709 1306 dicuntur,
735 1234 873 1307 excipient
893 1240 919 1290 te
942 1225 983 1306 et,
1006 1252 1062 1307 quo
1084 1235 1167 1309 uelis,

129 1339 307 1415 ¹perferent,''
331 1359 441 1399 omnem
464 1343 569 1399 omittat
596 1341 736 1398 timorem:
767 1341 807 1397 sic
829 1341 991 1412 urgentibus
1013 1341 1118 1413 asperis
1141 1348 1168 1398 ct

132 1449 240 1506 odiosis
262 1449 418 1522 doloribus,
443 1449 554 1535 siltanti
577 1448 649 1522 sint,
677 1454 708 1504 ut
729 1447 836 1503 ferendi
866 1464 923 1503 nou
945 1446 1014 1519 siut,
1047 1465 1103 1521 quo
1133 1449 1168 1505 sit

86 1591 92 1599 -
129 1554 360 1629 confugiendum,
382 1556 471 1612 uides.

219 1663 298 1719 Haec
319 1662 378 1719 fere
400 1663 453 1718 hoe
478 1667 603 1733 tempore
624 1659 718 1733 putaui
743 1677 805 1716 esse
827 1659 951 1716 dicenda.
986 1659 1040 1715 Sed
1058 1665 1085 1716 tu
1108 1659 1167 1716 for·

130 1776 204 1827 tasse
235 1769 263 1826 in
286 1770 419 1826 sententia
440 1784 596 1840 permanes.
639 1768 672 1823 A.
695 1767 810 1825 Minime
838 1783 924 1839 uero;
953 1783 1053 1839 meque
1080 1766 1167 1822 biduo

128 1877 251 1960 duarum
273 1893 381 1948 rerum,
410 1891 479 1948 quas
500 1875 619 1932 maxime
641 1874 789 1946 timebam,
813 1890 894 1945 spero
916 1874 1061 1930 liberatum
1083 1880 1167 1930 metu.

132 1983 172 2042 Μ.
195 1983 265 2039 Cras
287 1999 355 2054 ergo
377 1983 412 2039 ad
434 1981 623 2054 clepsydram3
652 1981 692 2037 sic
721 1981 795 2037 enim
817 1980 952 2054 diximus,
982 1987 1009 2038 et
1035 1980 1085 2037 tibi
1113 1980 1168 2036 hoc

132 2089 215 2147 uideo
243 2107 299 2147 non
327 2106 411 2162 posse
439 2087 544 2145 deberi.
598 2093 632 2146 Α.
662 2089 701 2144 lta
729 2105 854 2160 prorsus.
897 2089 934 2143 Et
962 2087 1032 2143 illud
1054 2087 1167 2160 quidem

132 2203 196 2254 aute
218 2195 375 2271 meridiem,
399 2195 452 2251 hoc
473 2194 573 2250 eodem
594 2200 728 2267 tempore.
772 2196 811 2252 M.
836 2193 881 2250 Sic
903 2193 1035 2250 faciemus
1057 2194 1167 2267 tuisque

131 2304 246 2377 optimis
269 2303 366 2360 studiis
389 2304 585 2375 obsequemur.

198 2532 241 2582 67.
261 2546 339 2596 quem
357 2533 512 2595 praedones)
532 2533 671 2594 praedones
688 2533 741 2582 ΒΡ.
776 2533 831 2594 qui)
853 2533 911 2594 quis
929 2532 960 2586 0.
991 2537 1016 2582 te
1041 2533 1073 2582 de
1091 2532 1167 2596 naui)
1196 2591 1198 2594 y

133 2623 157 2668 te
175 2619 235 2669 naui
254 2618 285 2671 R.
321 2615 374 2680 ilii)
391 2618 434 2667 iile
452 2617 504 2666 BP.
540 2618 664 2680 excipient
682 2620 719 2670 tei
736 2617 876 2678 excipiente
894 2617 923 2665 P.
958 2615 1069 2680 omittat)
1086 2618 1167 2666 omit-

131 2708 170 2751 tes
187 2702 241 2752 BP.
277 2703 338 2766 siut,
355 2709 384 2752 ut
401 2703 418 2752 t.
436 2716 486 2753 non
505 2701 570 2766 sint)
587 2716 637 2752 non
655 2703 716 2766 sint,
735 2708 763 2751 ut
780 2702 796 2751 t.
815 2701 935 2750 sintRP.
969 2715 1019 2751 non
1038 2702 1084 2757 sit,
1103 2707 1131 2750 ut
1148 2703 1166 2752 t.

131 2786 183 2835 sint
200 2786 231 2836 0.
267 2801 317 2848 quo
335 2784 381 2851 sit)
398 2801 449 2848 quo
466 2788 518 2836 sint
534 2787 587 2840 ur.
622 2786 712 2850 uides)
729 2792 756 2836 ut
773 2786 846 2835 uides
863 2786 915 2834 ΒΡ.
949 2785 1074 2851 diximus)
1090 2785 1168 2836 duxi-

127 2883 189 2921 mus
208 2871 262 2921 ΒΡ.
296 2871 408 2922 dicimus
425 2870 456 2920 0.
491 2878 516 2922 et
531 2870 590 2937 tihi)
607 2873 654 2922 sed
670 2873 718 2922 tibi
734 2870 813 2924 RPO.
911 2941 914 2946 Ι
