2610 4634
197 300 238 363 lli
401 314 630 361 ruscorum
663 315 1011 364 nrsrnrnrronuu

195 505 337 579 ptionibus
365 505 567 577 explicandum.
610 502 660 565 39.
693 506 837 563 Platonem
859 504 966 581 lerunt,
988 513 1019 563 ut
1038 507 1230 581 Pythagoreos

194 617 390 685 cognosceret,
419 611 448 668 in
476 612 583 668 ltaliam
603 611 714 668 uenisse
743 619 770 670 et
791 613 921 670 didicisse
942 614 1115 687 Pythagorea
1139 618 1230 675 omnia

193 721 370 801 primumque
398 718 434 775 da
454 718 609 775 animorum
630 719 789 776 aeternitate
810 737 868 776 non
889 720 980 776 solum
1001 720 1123 779 sensisse
1144 724 1227 798 idem,

193 828 269 901 quod
291 826 492 899 Pythagoram,
520 825 570 880 sed
595 824 731 882 rationem
753 826 835 887 etiam
863 827 998 883 attulisse.
1039 828 1146 902 Quam,
1175 830 1229 888 nisi

193 933 261 1008 quid
283 933 362 1005 dicis,
385 930 643 1004 praetermittamus,
664 938 692 987 et
712 932 783 988 hanc
807 939 893 989 totam
914 950 993 1006 spem
1015 934 1226 994 immortalitatis

192 1042 391 1113 relinquamus.
433 1040 468 1096 A.
495 1039 540 1094 An
560 1043 590 1093 tu
611 1054 697 1110 quum
724 1055 769 1094 me
797 1040 825 1095 in
853 1057 987 1098 summam
1009 1043 1228 1114 expectationem

192 1145 350 1218 adduxeris,
362 1141 489 1204 deseris?
512 1145 613 1200 Errare
634 1144 792 1201 mehercule
813 1147 888 1203 malo
910 1164 973 1202 cum
995 1149 1119 1222 Platone,
1143 1167 1226 1223 quem

191 1261 221 1312 tu
245 1252 339 1326 quanti
361 1252 456 1326 iacias,
480 1251 538 1308 scio
561 1258 588 1307 et
609 1267 692 1322 quem
717 1267 751 1306 ex
773 1258 819 1308 tuo
843 1270 890 1309 ore
913 1254 1044 1328 admiror,
1057 1273 1142 1328 quam
1163 1274 1226 1314 cum

191 1361 251 1420 istis
274 1377 339 1417 uera
360 1359 471 1416 sentire.
504 1356 555 1418 40.
577 1360 618 1417 Μ.
641 1359 731 1416 Macte
752 1359 869 1415 uirtutel
903 1376 956 1431 ego
984 1364 1059 1418 euim
1080 1364 1141 1435 ipse
1163 1380 1226 1421 cum

192 1469 291 1527 eodem
322 1467 384 1539 ipso
417 1483 474 1522 non
506 1464 609 1554 inuitus
642 1466 802 1522 errauerim.
850 1467 924 1522 Num
955 1467 1040 1539 igitur
1067 1469 1225 1527 dubitamus

190 1576 262 1634 sicut
287 1575 420 1648 pleraque
453 1566 630 1651 (quanquam
663 1571 717 1627 boc
748 1570 861 1644 quidem
893 1573 1024 1647 minime3
1056 1577 1225 1648 persuadent

186 1680 263 1742 'eninr
284 1673 489 1757 mathematici)
518 1684 619 1735 terram
647 1678 676 1735 in
698 1677 790 1734 medio
812 1681 917 1736 mundo
939 1680 1019 1738 sitam
1041 1683 1076 1739 ad
1097 1681 1242 1739 uniuersi*

188 1790 259 1848 coeli
281 1790 457 1860 complexum
484 1785 564 1858 quasi
590 1784 684 1857 puncti
710 1785 796 1842 instar
823 1786 964 1861 obtinere,
997 1789 1073 1861 quod
1100 1782 1223 1866 κέντρον

187 1897 231 1955 illi
247 1901 356 1955 uocant.
374 1911 435 1950 eam
451 1908 536 1964 porro
558 1900 682 1950 naturam
704 1908 766 1948 esse
786 1898 915 1966 quattuor
936 1895 1029 1951 omnia
1050 1895 1223 1968 gignentium

187 2019 346 2076 corporum,
363 2006 394 2057 ut
410 1998 489 2072 quasi
506 1997 603 2071 partita
626 1996 744 2055 habeant
764 2000 836 2056 inter
857 2017 887 2057 se
909 2018 940 2057 ac
962 2002 1050 2059 diuisa
1072 2009 1222 2076 momenta,

187 2116 296 2168 terrena
318 2113 345 2164 et
365 2105 478 2163 humida
500 2110 598 2176 suopte
626 2112 694 2162 nutu
722 2112 749 2163 et
781 2121 834 2163 suo
861 2109 985 2180 pondere
1011 2109 1046 2166 ad
1068 2126 1151 2181 pares
1172 2127 1223 2166 au·

186 2218 269 2291 gulos
290 2216 319 2272 in
341 2220 442 2271 terram
463 2213 539 2270 etin
560 2229 636 2268 mare
658 2212 791 2287 serantur,
814 2214 937 2288 reliquae
959 2215 1030 2272 duae
1045 2223 1147 2289 partes,
1166 2233 1221 2273 una

186 2325 283 2397 ignea,
312 2323 396 2379 altera
423 2319 565 2392 animalis,
594 2327 626 2377 ut
653 2320 717 2376 illae
745 2320 904 2393 superiores
933 2321 962 2377 in
983 2322 1106 2379 medium
1127 2325 1220 2380 locum

185 2431 283 2490 mundi
310 2428 441 2501 grauitate
471 2427 594 2483 ferantur
622 2433 649 2482 et
675 2429 814 2503 pondere,
848 2427 888 2485 sic
920 2428 972 2485 hae
1000 2447 1112 2486 rursum
1138 2429 1221 2487 rectis

184 2539 265 2596 lineis
287 2536 316 2594 in
338 2537 485 2594 coelestem
508 2535 600 2590 locum
622 2535 770 2592 subnotem
797 2535 857 2592 siue
877 2536 938 2607 ipsa
959 2544 1054 2593 natura
1076 2537 1221 2610 superiora

184 2651 344 2720 appetente,
375 2642 434 2700 siue
464 2643 539 2715 quod
561 2659 575 2697 a
598 2642 773 2712 grauioribus
795 2642 901 2700 leuiora
922 2651 1018 2700 natura
1040 2646 1220 2716 repellantur.

183 2754 262 2822 Quae
284 2768 369 2824 quum
391 2755 533 2822 constent,
561 2749 741 2820 perspicuum
763 2750 845 2806 debet
866 2767 928 2809 esse
950 2750 1071 2823 animos,
1094 2767 1182 2825 quum
1203 2768 1221 2808 e

183 2875 301 2930 corpore
322 2857 506 2929 excesserint,
538 2855 598 2913 siue
625 2854 667 2912 illi
690 2854 744 2911 siut
771 2855 919 2929 animales,
949 2857 977 2913 id
998 2864 1040 2915 est
1059 2857 1219 2935 spirabiles,

182 2964 244 3022 siue
266 2962 358 3035 ignei,
389 2963 507 3020 sublime
529 2960 606 3017 ferri.
661 2959 713 3019 41.
741 2961 772 3018 Si
793 2979 861 3019 uero
883 2971 930 3020 ant
950 2980 1082 3021 uumerus
1104 2965 1219 3037 quidam

183 3076 225 3128 'est
246 3069 368 3141 animus,
397 3068 473 3141 quod
494 3067 631 3125 subtiliter
652 3069 740 3140 magis
768 3075 851 3143 quam
877 3070 998 3127 dilucide
1026 3071 1141 3146 dieitur,
1171 3077 1220 3129 aut

182 3177 277 3252 quinta
298 3176 345 3232 illa
366 3193 423 3232 non
444 3175 583 3235 nominata
604 3177 693 3249 magis
714 3193 798 3249 quam
823 3176 959 3234 intellecta
986 3184 1100 3251 natura,
1128 3180 1219 3235 multo

181 3285 263 3342 etiarn
284 3283 433 3355 integriora
455 3301 487 3341 ac
507 3283 620 3355 puriora
642 3290 721 3358 sunt,
750 3288 780 3340 ut
806 3290 914 3340 eterra
935 3284 1097 3356 longissime
1120 3301 1151 3341 se
1173 3285 1218 3341 el-

180 3392 279 3450 lerant.
316 3392 426 3447 Horum
446 3389 533 3461 igitur
552 3390 658 3463 aliquid
680 3391 788 3447 animus
809 3397 860 3465 est,
882 3409 918 3448 ne
940 3398 995 3448 tam
1016 3398 1116 3463 uegeta
1137 3409 1216 3450 mens

179 3505 226 3556 aut
235 3497 264 3555 iu
278 3500 362 3557 corde
374 3497 525 3554 cerebroue
536 3502 582 3553 aut
596 3496 627 3552 in
636 3497 826 3570 Empedocleo
837 3498 971 3572 sanguine
982 3500 1110 3556 demersa
1119 3500 1220 3557 iaceat
1237 3556 1240 3561 ,

246 3661 288 3710 39.
314 3659 451 3725 didicisse)
479 3661 606 3711 dedicisse
622 3661 655 3710 ll.
688 3660 729 3712 hu
747 3660 788 3726 tu)
805 3663 856 3712 Ain
873 3662 921 3714 tu‘l
940 3663 972 3713 0.
1007 3662 1049 3712 40.
1067 3663 1216 3713 dubitamus

178 3743 246 3794 sicut
264 3742 402 3808 pleraque)
425 3745 485 3795 duh.
503 3758 536 3794 an
558 3746 626 3794 sicut
642 3747 762 3808 pleraque
778 3745 810 3796 ir.
844 3748 905 3798 duh.
924 3747 992 3813 [an]
1010 3749 1077 3797 sicut
1094 3747 1215 3810 pleraque

179 3825 232 3892 [sic
252 3833 278 3876 et
294 3827 354 3892 hoc]
374 3828 406 3879 Ο.
441 3828 554 3894 umens)
572 3835 600 3881 ut
615 3835 673 3879 terr.
692 3829 724 3880 0.
758 3832 917 3895 superiores)
934 3833 1075 3894 superioris
1091 3833 1124 3885 li.
1155 3845 1217 3884 rur-

177 3912 252 3971 sum)
268 3923 370 3961 sursum
389 3913 421 3963 Ο.
464 3915 600 3976 Superiora
617 3915 781 3980 --uatura)
802 3917 831 3966 in
847 3917 970 3980 margine
991 3917 1069 3965 modo
1087 3916 1166 3966 hebet
1180 3916 1213 3965 il.

177 3993 308 4058 constent)
325 4003 424 4048 constet
439 3997 507 4048 Non.
518 3997 628 4062 ,mih
643 4000 792 4066 spirabiles)
808 4001 964 4064 spiritabiles
980 4001 1013 4051 li.
1048 3999 1089 4050 ti.
1107 4001 1213 4062 qudam

177 4080 233 4141 est)
250 4093 276 4142 q.
299 4079 405 4130 sitiit).
440 4076 586 4143 intellecta)
610 4096 663 4134 nou
679 4084 809 4139 mmiioaa
824 4082 882 4137 iio.
915 4086 1021 4137 eninm
1037 4088 1091 4149 est,
1107 4097 1142 4136 ue
1157 4090 1213 4134 tam

176 4166 279 4230 uegeta)
299 4156 669 4219 mammaeam-urm·-
700 4188 724 4225 -ι
825 4180 853 4221 .·
921 4194 924 4201 ·
956 4218 960 4223 .
