2610 4634
130 275 192 337 12l
343 286 971 337 rosensennrseornrronuu

129 479 386 553 aegrotationesque
407 486 564 537 naseuntur.
597 480 675 548 Quae
696 485 788 538 autem
809 486 874 537 sunt
898 475 943 537 his
966 480 1116 556 epntraria,
1137 498 1168 540 ea

130 586 206 643 nasei
229 593 358 659 putantur
381 605 397 644 a
418 595 505 660 meto,
528 592 558 643 ut
579 586 675 642 odium
695 587 854 660 mulierum,
876 590 960 660 quale
982 573 1172 670 inptoopr'rtp

129 693 197 749 Atili
219 701 270 764 est,
292 699 322 750 ut
344 692 371 749 in
394 687 538 750 hominnm
550 694 712 750 uniuersum
733 711 832 767 genus,
855 696 932 766 quod
954 670 1114 767 aecepimus
1135 699 1168 755 de

131 799 249 857 Timone
272 800 337 873 (qui
365 785 571 878 μισάνθρωποι
593 801 805 872 appellantur),
829 809 859 857 nt
879 800 1085 874 inhospitalitas
1113 811 1168 876 est;

131 923 201 979 quae
230 924 327 964 omnes
354 907 554 976 aegrotationes
583 908 667 964 animi
695 925 736 982 enx
757 908 879 980 quodam
912 913 990 964 metu
1022 915 1169 967 naseuntur

130 1029 226 1071 earum
248 1029 358 1085 rerum,
386 1031 455 1086 quas
478 1014 587 1086 fugiunt
608 1021 636 1071 et
657 1016 784 1072 oderunt.
837 1013 889 1074 26.
911 1015 1060 1072 Deliniunt
1080 1022 1168 1074 autem

129 1119 215 1175 animi
236 1119 452 1190 aegrotationem
479 1121 667 1192 opinationem
695 1122 888 1178 uehementem
917 1123 952 1178 dr.
984 1139 1016 1178 re
1043 1139 1100 1179 uon
1123 1140 1168 1178 ex·

130 1226 265 1298 petenda,
294 1233 423 1299 tanquam
445 1228 527 1284 ualde
549 1229 701 1299 expetenda
724 1229 774 1300 sit,
796 1229 987 1287 inhaerentem
1010 1236 1039 1286 et
1061 1229 1168 1302 penitus

131 1332 250 1390 insitam.
282 1333 365 1401 Quod
386 1340 478 1391 autem
498 1334 619 1391 nascitur
640 1353 675 1391 ex
697 1336 861 1409 ollensione,
884 1336 921 1393 ita
942 1332 1092 1411 definiunt,
1109 1337 1169 1408 opi·

130 1437 245 1496 nionem
265 1415 458 1498 uehementem
480 1442 514 1498 de
537 1460 566 1498 re
588 1460 644 1499 non
666 1441 797 1514 fugienda
814 1442 1005 1499 inhaerentem
1023 1450 1052 1499 et
1062 1442 1170 1516 penitus

131 1545 241 1603 insitam
261 1552 390 1621 tauquam
413 1547 553 1620 fugienda.
596 1551 674 1606 Haec
701 1556 793 1606 autem
822 1548 942 1621 opinatio
971 1555 1014 1606 est
1041 1548 1170 1608 iudicatio

133 1669 164 1711 se
186 1653 267 1727 seire,
290 1655 366 1727 quod
388 1655 501 1713 neseiat.
533 1656 725 1728 aegrotationi
746 1663 838 1712 autem
860 1656 923 1713 talia
945 1656 1084 1728 quaedam
1102 1657 1168 1713 suh·

132 1760 201 1816 ieota
224 1766 302 1817 sunt:
325 1761 448 1833 auaritia,
471 1762 594 1836 ambitio,
617 1762 812 1837 mulierositas,
835 1761 1001 1835 peruicacia,
1019 1760 1169 1834 ligurritio,

132 1865 300 1939 uiuolentia,
328 1868 478 1941 cuppedia,
502 1876 536 1926 'et
564 1870 588 1926 si
610 1887 664 1943 qua
686 1868 796 1926 similia.
850 1869 901 1926 Est
931 1876 1025 1926 autem
1058 1869 1170 1926 auaritia

132 1973 255 2044 opinatio
278 1975 427 2031 uehemens
449 1977 484 2032 de
507 1975 638 2049 pecunia,
667 1975 746 2049 quasi
768 1977 849 2033 ualde
871 1976 1025 2046 expetenda
1047 1975 1100 2048 sit,
1128 1976 1170 2033 in·

133 2080 250 2137 haerens
273 2087 301 2137 et
325 2081 435 2153 penitus
463 2083 559 2157 insita3
597 2082 752 2156 similisque
774 2089 816 2140 est
837 2082 962 2138 eiusdem
985 2083 1098 2153 generis
1120 2084 1169 2140 de·

133 2187 221 2244 finitio
248 2188 429 2260 reliquarum.
481 2189 533 2249 27.
563 2189 758 2247 Offensionum
785 2195 877 2247 autem
904 2188 1082 2246 definitiones
1109 2196 1172 2247 sunt

133 2293 281 2368 eiusmodi,
304 2301 334 2351 ut
354 2295 555 2370 inhospitalitas
577 2297 613 2354 sit
631 2297 725 2369 opinio
739 2298 890 2354 uehemens
911 2295 994 2352 ualde
1006 2296 1170 2367 fugiendum

133 2416 196 2458 esse
219 2400 357 2471 hospitem
386 2419 474 2475 eaque
501 2404 647 2461 inhaerens
670 2405 697 2461 et
719 2404 828 2475 penitus
850 2402 950 2475 insita;
984 2401 1170 2476 similiterque

133 2507 265 2564 desinitur
285 2515 313 2565 et
333 2509 483 2568 mulierum
511 2512 623 2585 odium,
650 2517 680 2568 ut
707 2508 871 2584 Hippolyti,
900 2515 943 2582 et,
971 2514 1003 2565 ut
1031 2507 1169 2582 Timonis,

135 2615 246 2686 generis
268 2615 390 2672 humani.

217 2723 284 2779 Xll.
316 2725 408 2796 Atque
430 2729 461 2781 ut
480 2724 514 2780 ad
535 2724 701 2782 ualetudinis
724 2721 933 2781 similitudinem
954 2720 1101 2779 ueniamus
1123 2739 1170 2778 ea·

134 2846 189 2903 que
218 2829 365 2887 collatione
392 2837 501 2888 utamur
527 2832 692 2905 aliquando,
726 2831 776 2887 sed
805 2829 930 2902 parcius,
965 2845 1050 2900 quam
1079 2830 1170 2885 solent

134 2935 230 3009 Stoici,
254 2942 285 2992 ut
306 2943 369 2993 sunt
390 2937 437 2994 alii
459 2940 494 2995 ad
515 2939 586 2996 alios
604 2938 718 2994 morbos
736 2935 1039 3009 proeliuiores(itaqne
1051 2935 1169 2992 dicimus

134 3042 334 3114 grauedinosos
356 3045 501 3116 quosdam,
514 3044 649 3116 quosdam
667 3043 846 3115 torminosos,
862 3060 918 3098 non
940 3040 1005 3115 quia
1027 3041 1083 3100 iam
1104 3043 1170 3115 sint,

134 3148 184 3205 sed
205 3147 270 3220 quia
292 3165 374 3221 saepe
397 3150 478 3223 sint),
501 3151 541 3208 sie
562 3149 609 3207 alii
631 3151 666 3207 ad
688 3157 802 3223 metum,
825 3150 872 3206 alii
893 3149 929 3206 ad
953 3149 1037 3204 aliam
1059 3155 1169 3220 pertur-

133 3256 289 3329 bationem3
318 3275 351 3312 en
374 3274 430 3330 quo
451 3257 480 3315 in
502 3258 562 3315 aliis
591 3257 728 3331 anxietas,
758 3255 945 3328 undenarii,
974 3255 1003 3311 in
1026 3255 1090 3312 aliis
1113 3255 1169 3313 ira·

102 3390 108 3402 a
134 3363 234 3421 cundia
256 3364 366 3439 dieitur,
390 3381 460 3438 quae
483 3367 519 3422 ah
539 3365 581 3423 ira
603 3365 709 3440 differt,
723 3371 819 3438 estque
833 3364 908 3421 aliud
919 3364 1084 3421 iracundum
1095 3380 1169 3432 esse,

197 3607 364 3705 μισογύνῳ)
382 3637 523 3699 missogtnn
541 3638 595 3693 ur.
630 3637 708 3702 nitri)
725 3636 807 3714 hiring
828 3635 858 3684 o.
890 3605 1171 3700 praeriperemus.

134 3720 328 3776 saneporrotor
354 3723 385 3772 la.
421 3709 648 3788 praeripuissent
667 3723 696 3772 Ρ.
729 3707 940 3784 praeriperet
959 3719 990 3769 0.
1035 3720 1170 3780 appellan-

133 3798 186 3860 tur)
204 3806 345 3863 appellatur
363 3806 393 3856 0.
429 3805 470 3854 26,
488 3821 538 3856 non
558 3805 696 3869 fugienda]
718 3819 768 3855 non
788 3805 995 3865 expetendane.
1031 3802 1169 3866 iudicatio)

133 3883 246 3935 indicare
265 3888 285 3937 P
330 3891 371 3944 27.
394 3891 599 3956 inhospitalitas)
620 3891 779 3953 inhospitalis
796 3890 850 3939 Rl'.
886 3886 1040 3953 ueniamus)
1063 3888 1168 3937 nerriam

133 3967 187 4020 Rp·
222 3975 416 4038 grauedinnsns)
433 3978 609 4038 grauidinosos
629 3977 696 4030 Non.
711 3991 741 4039 p.
759 3973 799 4024 32
817 3979 843 4023 et
863 3972 926 4022 115.
950 3973 1004 4022 ΒΡ.
1041 3975 1166 4034 quosdam

133 4053 301 4117 torminosos)
318 4057 362 4107 Sic
378 4060 446 4110 lllon.
464 4063 490 4111 ll.
508 4063 535 4113 ll.
561 4063 716 4114 terminosos
738 4060 792 4110 ΒΡ.
827 4072 877 4109 nnn
896 4057 976 4122 quia)
999 4070 1049 4108 non
1067 4070 1118 4120 qna
1136 4056 1166 4108 P.

134 4137 473 4207 fflfflmfflmm
