2610 4634
197 277 241 338 80
413 293 642 339 ruscussu.
678 293 1032 346 nrsrurarrouuu

197 497 292 537 errore
314 479 462 553 falluntur3
485 479 575 555 quid?
597 483 644 556 qui
666 485 798 555 pecuniae
820 486 979 562 cupiditate,
996 488 1045 561 qui
1057 489 1239 562 uoluptatum

197 587 313 645 libidine
336 587 473 661 feruntur,
503 604 676 662 quorumque
704 590 740 648 ita
768 593 962 662 perturbantur
983 593 1085 669 animi,
1121 602 1154 652 ut
1182 614 1239 653 non

197 697 315 751 multum
333 695 423 752 absint
443 697 487 752 ab'
500 694 615 769 insania,
632 696 708 770 quod
724 696 920 769 insipientibus
937 700 1071 771 contingit
1088 702 1236 777 omnibus,

197 800 232 858 iis
254 802 365 857 nullane
387 808 429 857 est
449 802 604 859 adhibenda
626 801 753 860 curatio?
788 805 884 862 Utrum
906 805 1097 878 quodminus
1119 816 1240 867 noceant

198 907 282 963 animi
312 908 512 978 aegrotationes
540 926 623 982 quam
642 911 798 995 eorporis,
831 928 866 967 an
895 912 970 984 quod
999 929 1118 986 corpora
1145 916 1237 973 curari

198 1014 321 1087 possint,
350 1015 505 1071 animorum
526 1015 663 1072 medicina
684 1017 759 1073 nulla
786 1014 843 1073 sit?
886 1018 938 1074 lll.
971 1015 1001 1076 5.
1035 1020 1072 1076 ut
1093 1027 1121 1076 et
1143 1022 1236 1079 morbi

198 1120 410 1194 perniciosiores
433 1123 582 1193 pluresque
604 1129 668 1180 sunt
688 1123 788 1193 animi,
812 1140 894 1195 quam
917 1125 1053 1197 corporis.
1098 1127 1137 1182 Hi
1160 1129 1235 1186 euim

104 1241 106 1247 ·
197 1227 251 1300 ipsi
274 1227 364 1284 odiosi
386 1236 457 1303 sunt,
480 1231 555 1301 quod
578 1230 612 1286 ad
633 1229 754 1286 animum
776 1229 915 1301 pertinent
935 1248 1055 1304 eumque
1073 1234 1234 1308 sollicitant,

197 1336 361 1408 animusque
382 1351 475 1410 aeger,
488 1342 519 1392 ut
539 1335 577 1392 ait
597 1335 715 1408 Ennius,
738 1352 848 1407 semper
869 1343 942 1393 errat
963 1354 1054 1410 neque
1076 1341 1133 1410 pati
1144 1357 1234 1413 neque

197 1442 305 1516 perpeti
328 1448 427 1516 potest,
450 1458 551 1515 cupere
573 1459 714 1516 nunquam
735 1442 845 1500 desiuit.
879 1443 987 1511 Quibus
1004 1444 1116 1502 duobus
1127 1447 1234 1504 morbis

198 1557 245 1619 (ut
255 1549 376 1606 omittam
387 1540 481 1625 alios),
496 1550 667 1621 aegritudine
688 1557 716 1607 et
737 1549 893 1622 eupiditate,
916 1551 964 1622 qui
985 1551 1095 1608 tandem
1117 1559 1235 1625 possunt

197 1657 366 1730 incorpore
388 1674 449 1713 esse
471 1653 636 1728 grauiores?
668 1657 724 1725 Qui
751 1673 818 1713 uero
847 1657 960 1730 probari
987 1663 1094 1732 potest,
1124 1664 1155 1716 ut
1181 1659 1234 1717 sibi

197 1764 303 1820 mederi
330 1763 437 1819 animus
465 1779 521 1818 non
548 1762 652 1836 possit,
682 1780 768 1837 quum
795 1762 884 1835 ipsam
911 1763 1077 1820 medicinam
1106 1765 1234 1837 eorporis

197 1869 305 1928 animus
327 1868 477 1939 inuenerit,
505 1886 646 1942 quumque
674 1870 709 1927 ad
737 1886 887 1943 corporum
915 1871 1085 1931 sanationem
1115 1873 1233 1929 multum

197 1975 258 2048 ipsa
280 1991 397 2047 corpora
424 1981 452 2031 et
474 1982 569 2035 natura
597 1976 697 2045 ualeat,
719 1992 771 2031 nec
792 1992 900 2050 omnes,
922 1978 970 2049 qui
992 1978 1083 2035 curari
1106 1995 1137 2035 se
1158 1978 1233 2050 passi

198 2083 262 2153 siut,
286 2081 416 2138 continuo
438 2081 519 2137 etiam
541 2083 751 2154 conualescant,
774 2081 859 2138 animi
880 2089 987 2156 autem,
1016 2084 1119 2157 quise
1142 2085 1233 2142 samri

197 2189 337 2247 noluerint
358 2189 567 2261 praeceptisque
589 2187 753 2260 sapientium
775 2189 933 2264 paruerint,
960 2189 1020 2247 sine
1042 2192 1100 2247 ulla
1122 2191 1232 2248 dubita·

196 2299 272 2357 tione
300 2291 451 2354 sanentur?
484 2293 512 2354 s.
544 2296 595 2352 Est
622 2294 747 2367 prolecto
775 2295 859 2352 animi
886 2295 1023 2353 medicina
1045 2297 1231 2372 philosophia,

197 2405 276 2462 ouius
297 2401 430 2461 auxilium
452 2418 518 2474 non,
537 2408 567 2458 ut
588 2401 616 2457 iu
633 2401 758 2473 corporis
776 2401 892 2474 morbis,
912 2403 1062 2475 petendum
1083 2409 1127 2460 est
1151 2403 1230 2478 loris,

197 2511 383 2584 omnibusque
408 2508 507 2581 opibus
532 2500 682 2586 [uiribus],
701 2515 730 2565 ut
745 2507 917 2581 nosmetipsi
934 2509 1016 2566 nobis
1037 2510 1143 2567 mederi
1165 2527 1231 2583 pos·

197 2619 301 2691 simus,
324 2617 521 2673 elaborandum
543 2621 592 2672 est.
640 2616 805 2689 Quanquam
833 2615 869 2672 de
890 2602 1020 2673 uniuersa
1041 2617 1231 2691 philosophia,

198 2733 300 2801 quanto
323 2740 408 2798 opere
430 2729 458 2779 et
479 2723 631 2795 expetenda
653 2729 728 2779 esset
747 2729 775 2779 et
796 2722 921 2795 colenda,
950 2722 1028 2797 satis,
1048 2729 1080 2780 ut
1101 2724 1231 2797 arbitror,
1249 2796 1254 2803 ι

197 2835 299 2890 dictum
322 2838 363 2887 est
384 2830 413 2886 in
434 2829 595 2886 Hortensio.
648 2829 691 2884 De
712 2828 839 2886 maximis
861 2835 951 2885 auum
974 2830 1058 2888 rebus
1080 2829 1150 2887 nibil
1173 2829 1232 2887 lere

198 2937 394 2995 intermisimus
423 2943 520 3007 postea
548 2953 599 2991 nee
625 2934 765 3006 disputare
792 2952 843 2992 nec
870 2935 1002 2992 scribere.
1055 2935 1110 2992 His
1140 2942 1231 2993 autem

189 3017 277 3101 'libris
299 3041 422 3119 exposita
445 3048 509 3097 sunt
529 3057 577 3111 ea,
605 3057 676 3112 quae
697 3058 713 3097 a
735 3040 816 3097 uobis
839 3057 902 3098 cum
923 3041 1106 3099 familiaribus
1128 3040 1231 3100 nostris

196 3153 226 3210 iu
249 3149 407 3207 Tusculano
429 3153 506 3204 erant
526 3146 669 3220 disputata.
715 3147 771 3203 Sed
792 3147 924 3220 quoniam
945 3149 1055 3205 duobus
1077 3148 1231 3221 superiori·

195 3258 249 3314 bus
271 3256 306 3312 de
328 3261 416 3311 morte
437 3260 464 3310 et
485 3254 520 3310 de
541 3254 640 3309 dolore
662 3252 765 3310 dictum
783 3261 835 3328 est,
853 3255 948 3312 tertius
966 3255 1026 3312 dies
1036 3253 1231 3327 disputationis

197 3366 251 3422 boo
272 3363 382 3441 tertium
403 3362 535 3417 uolumen
557 3359 667 3417 efficiet
718 3361 746 3418 7.
776 3362 810 3419 Ut
831 3362 906 3418 enim
929 3361 958 3418 in
979 3360 1158 3418 Academiam
1179 3378 1230 3417 no·

198 3479 282 3530 stram
304 3468 497 3528 descendimus
518 3455 649 3524 inclinato
671 3466 725 3524 iam
746 3468 776 3523 in
792 3467 1036 3540 postmeridianam
1051 3473 1161 3538 tempus
1174 3467 1230 3540 die,

198 3579 315 3651 poposci
337 3594 433 3634 eorum
456 3575 586 3650 aliquem,
609 3574 657 3649 qui
678 3575 801 3649 aderant,
824 3591 934 3632 causam
954 3572 1119 3632 disserendi.
1159 3574 1232 3630 Tum

196 3683 454 3742 mmmm

265 3878 349 3939 quidt
377 3877 438 3942 qui)
455 3878 567 3941 quidque
584 3878 638 3930 ΒΡ.
681 3873 853 3938 uoluptatum)
874 3877 1004 3938 uoluptate
1021 3878 1050 3926 Ρ.
1094 3874 1232 3939 contingit)

197 3963 302 4023 contigit
310 3963 340 4012 P.
375 3963 408 4011 tis
426 3964 543 4028 nullane)
560 3964 601 4013 lrls
619 3976 644 4010 n.
662 3959 739 4010 llPO.
773 3959 798 4008 5.
816 3972 863 4009 occ
886 3959 997 4023 ornnes)
1014 3973 1061 4009 nee
1078 3960 1165 4009 omnis
1178 3960 1230 4011 ΒΡ.

198 4048 266 4110 passi
285 4044 356 4110 sint)
378 4048 447 4107 passi
464 4053 523 4096 sunt
540 4046 617 4096 ltPO.
651 4044 676 4094 ti.
696 4042 840 4108 [utribuslt
857 4043 913 4091 stne
930 4045 1002 4092 unm
1020 4043 1098 4093 ΠΡΟ.
1142 4050 1168 4094 et
1186 4056 1231 4094 er-

199 4128 321 4195 peteuda)
338 4130 476 4193 expetenda
493 4131 522 4179 P.
556 4130 582 4179 7.
601 4124 843 4192 postmeridianum)
861 4127 1065 4188 pomeridianum
1085 4126 1117 4177 0.
