2610 4634
188 271 232 336 54
405 285 630 334 ruscunsn.
659 250 1007 336 nrsru'rnrronun

188 477 308 534 busdam
330 475 408 550 quusi
430 477 584 550 praeceptis
606 477 751 534 confirmat
772 479 829 535 uim
851 478 1029 537 fortitudinis.
1064 481 1107 537 Te
1129 487 1228 538 natura

187 585 329 640 excelsum
351 584 490 655 quendam
511 583 643 642 uidelicet
670 574 710 640 et'
724 587 808 641 altum
836 562 869 642 ei
883 568 1012 642 liumana'
1025 587 1229 659 despicientem

187 676 299 762 genuit3
328 691 421 763 itaque
448 690 528 746 lacile
550 689 579 746 in
601 692 693 748 auimo
721 691 788 749 lorti
809 699 904 748 contra
925 699 1045 749 mortem
1065 692 1161 751 habita
1180 673 1228 750 ἧι·
1279 731 1283 735 -

187 796 260 854 sedit
291 796 389 854 oratio.
445 796 501 877 Sed
530 797 599 853 haec
626 799 723 854 eadem
749 815 816 855 num
832 786 941 856 'censes
967 800 1040 871 epud
1068 816 1118 855 eos
1148 799 1228 872 ipsos

187 905 282 960 ualere
304 902 358 959 uisi
380 904 529 960 admodum
551 879 700 978 peu'cos‚⁰a
718 905 818 978 quibus
841 904 963 978 inuenta,
986 905 1134 978 disputata,
1158 923 1228 963 con·
1296 884 1301 892 ⁹

188 1009 289 1079 scripta
314 990 398 1066 sunt?
435 1011 543 1078 Quotus
571 1011 645 1067 enim
673 1011 791 1085 quisque
819 1011 1051 1084 philosophorum
1073 1012 1227 1087 inuenitur,

187 1114 235 1187 qui
258 1113 293 1171 sit
314 1114 352 1171 ita
372 1115 505 1191 moratus,
527 1116 564 1172 ita
585 1117 677 1173 animo
699 1134 731 1173 ac
753 1117 809 1174 uita
830 1119 1004 1191 constitutus,
1028 1125 1058 1176 ut
1080 1119 1151 1176 ratio
1173 1137 1227 1192 po·

187 1223 285 1294 stulat3
314 1222 362 1294 qui
391 1222 566 1295 disciplinam
588 1240 665 1280 suam
687 1203 743 1280 non
766 1204 977 1280 ostentationem
999 1225 1147 1299 scientiae,
1176 1226 1228 1283 sed

186 1329 279 1400 legem
304 1329 378 1387 uitae
406 1337 497 1404 putet3
529 1329 577 1403 qui
606 1331 779 1403 obtemperet
805 1331 866 1402 ipse
895 1330 949 1387 sibi
978 1337 1005 1387 et
1026 1331 1144 1388 decretis
1167 1335 1228 1389 suis

186 1433 303 1509 pareat?
327 1434 488 1494 12.Uidere
510 1438 575 1493 lieet
594 1436 664 1493 alios
687 1442 758 1492 tanta
780 1437 890 1493 leuitate
912 1437 1115 1511 minutatione,
1137 1444 1170 1495 ut
1190 1439 1227 1495 iis

158 1594 160 1598 .
185 1542 269 1599 luerit
296 1559 353 1599 non
384 1543 515 1600 didicisse
542 1544 659 1616 melius,
675 1543 678 1549 '
692 1542 762 1599 nlius
788 1542 922 1615 pecuniae
950 1543 1084 1616 cupidos,
1118 1544 1227 1616 gloriae

186 1651 353 1721 nonnullos,
374 1652 477 1707 multos
500 1650 648 1707 libidinum
669 1654 836 1763 seruosbut
857 1666 920 1705 cum
942 1667 1039 1707 eorum
1060 1651 1117 1708 uita
1138 1651 1226 1709 mira·

185 1755 280 1812 biliter
300 1761 405 1828 pugnet
425 1756 522 1812 oratio.
548 1749 550 1753 ’
575 1757 659 1824 Quod
681 1755 794 1829 quidem
814 1755 883 1812 milri
904 1756 1014 1813 uidetur
1035 1774 1098 1814 esse
1119 1759 1226 1831 turpis·

185 1861 296 1919 simum.
341 1863 377 1919 Ut
398 1862 481 1935 enim,
504 1863 529 1918 si
551 1863 758 1934 grammaticum
780 1880 810 1920 se
832 1863 976 1934 protessus
997 1864 1137 1936 quispiam
1159 1865 1225 1921 bar-

184 1966 252 2024 bare
285 1968 428 2044 loquatur,
465 1975 511 2026 aut
539 1969 562 2026 si
590 1970 712 2026 absurde
738 1976 817 2026 canat
843 1969 885 2043 is,
914 1969 962 2042 qui
984 1987 1014 2026 se
1036 1969 1133 2026 baberi
1155 1971 1228 2028 uelit

186 2073 339 2148 musicum,
362 2075 416 2132 hoc
437 2076 544 2148 turpior
565 2076 616 2150 sit,
639 2077 715 2148 quod
734 2075 764 2133 in
786 2093 820 2134 eo
842 2074 903 2148 ipsd
926 2085 1032 2151 peccet,
1054 2044 1133 2134 cuiu's
1155 2095 1226 2150 pro·

185 2179 278 2237 litetur
305 2181 463 2240 scientiams
485 2183 526 2240 sic
547 2182 733 2255 philosophus
755 2161 785 2239 in
807 2183 913 2263 ratione
934 2183 1008 2240 uitae
1030 2201 1147 2256 peccans
1170 2186 1226 2242 hoc

185 2288 293 2361 turpior
315 2295 371 2362 est,
395 2291 471 2362 quod
493 2291 521 2346 iu
545 2289 654 2361 officio,
677 2288 754 2345 cuius
776 2289 907 2361 magister
929 2307 990 2347 esse
1018 2288 1098 2365 uult‚'
1122 2292 1225 2349 labitur

187 2399 329 2466 artemque
350 2394 423 2451 uitae
446 2396 590 2466 protessus
612 2394 750 2467 delinquit
769 2395 799 2452 in
820 2397 886 2452 uita.

270 2501 305 2557 V.
328 2503 363 2558 Α.
381 2502 480 2559 Nonne
502 2501 655 2559 uerendum
677 2509 719 2559 est
739 2490 838 2576 igitur?
856 2476 880 2560 si
902 2509 943 2560 est
963 2503 1010 2578 ita,
1032 2510 1064 2560 ut
1083 2504 1165 2577 dicis,
1188 2523 1226 2562 ne

184 2608 391 2682 philosophiam
414 2609 483 2666 lalsa
505 2609 595 2682 gloria
617 2606 757 2666 exornes?
785 2610 868 2679 Quod
890 2617 933 2667 est
960 2611 1035 2666 enim
1061 2612 1150 2667 maius
1178 2629 1226 2668 ar·

185 2722 347 2786 gumentum
374 2717 444 2774 nibil
469 2734 530 2774 eam
552 2718 687 2790 prodesse
718 2690 802 2790 duam
831 2718 966 2789 quosdam
995 2717 1133 2789 perlectos
1160 2719 1225 2792 phi-

185 2822 319 2894 losophos
341 2823 456 2897 turpiter
476 2820 595 2880 uiuere?
626 2820 675 2880 13.
696 2824 736 2880 M.
759 2824 873 2879 Nullum
901 2840 968 2880 uero
990 2823 1019 2879 id
1041 2823 1154 2896 quidem
1177 2818 1225 2881 ar‘-

186 2934 347 3000 gumentum
374 2936 424 2985 est.
468 2930 540 2985 Nam
567 2935 598 2985 ut
624 2929 694 3012 agri
712 2946 769 2986 non
791 2946 887 2986 omnes
916 2929 1044 3002 frugiferi
1072 2936 1145 3002 sunt,
1174 2931 1226 3004 qui

133 3041 138 3044 ’
185 3035 322 3106 coluntur,
345 3033 501 3107 falsumque
522 3035 592 3092 illud
613 3036 696 3093 Acci:

274 3142 383 3196 Probae
404 3145 455 3197 etsi
475 3143 506 3198 ia
528 3147 640 3213 repetam
662 3149 727 3199 sont
747 3146 906 3200 densiorem
928 3146 1010 3200 datae

269 3247 387 3321 Proper,
410 3253 499 3304 tomen
519 3252 598 3320 tpapc
619 3255 717 3321 suapte
736 3255 841 3306 notura
863 3253 972 3324 eniteat,

185 3355 226 3412 sic
248 3354 332 3412 animi
354 3373 411 3412 non
432 3372 530 3412 omnes
553 3355 619 3412 culti
641 3356 760 3414 fructum
782 3357 883 3413 lerunt.
915 3358 1007 3429 Atque
1028 3357 1102 3413 utin
1122 3357 1224 3415 eodem

185 3462 269 3519 simili
290 3479 397 3536 uerser,
419 3468 450 3518 ut
473 3479 549 3535 ager,
572 3464 698 3536 quamuis
720 3463 830 3535 fertilis,
853 3463 913 3520 sine
935 3464 1042 3520 cultura
1063 3463 1225 3522 fructuosus

186 3585 248 3626 esse
270 3586 326 3625 nou
347 3576 447 3644 potest,
470 3569 511 3626 sic
532 3571 592 3628 sine
613 3570 738 3628 doctrina
759 3569 877 3627 animus.
913 3572 954 3626 lta
975 3575 1018 3628 est
1038 3575 1155 3642 utraque
1176 3588 1225 3628 res

185 3674 245 3731 sine
267 3677 351 3732 altera
373 3676 482 3733 debilis.
522 3677 636 3734 Cultura
657 3684 747 3733 eutem
769 3674 854 3733 animi
874 3676 1053 3750 philosophia
1074 3683 1131 3750 est;
1153 3677 1225 3735 hacc

191 3852 484 3869 ι--Ᾰ--ᾱ--ι-

254 3951 293 4000 ll.
312 3953 367 4015 lpse
385 3956 455 4020 sibi)¹
468 3958 516 4019 ipsi
534 3959 585 4009 sibl
604 3959 636 4008 ll.
673 3957 712 4008 12.
724 3965 753 4008 ut
770 3956 816 4023 iis)
835 3964 863 4008 ut
880 3958 912 4007 iis
928 3970 1012 4020 supra
1024 3958 1138 4020 ascripto
1153 3958 1178 4008 b.
1189 3958 1222 4008 ll.

37 4050 46 4058 ·
71 4049 82 4055 ·
106 4049 109 4053 ·
129 4044 164 4055 '⁴
184 4037 271 4086 lisut
282 4037 313 4086 0.
351 4037 397 4100 le)
414 4039 488 4090 Acci:
507 4043 619 4105 Probus)
641 4055 670 4093 uc
687 4044 803 4106 improbe
820 4043 851 4091 lt.
885 4040 959 4106 Attii,
976 4042 1074 4094 Probae
1093 4043 1125 4093 0.
1161 4043 1224 4092 culti

184 4119 307 4186 fructum)
326 4123 421 4172 cultum
441 4123 513 4174 lructi
531 4126 572 4189 lt,
603 4128 648 4174 sed
666 4141 731 4176 corr.
749 4129 778 4176 tn
795 4127 856 4176 culti
874 4127 992 4176 fructum.
