2610 4634
371 274 447 320 ura.
469 261 492 319 l.
535 271 619 320 cnr.
641 258 776 320 37-39.
1072 256 1114 321 37

160 463 328 524 XXXVIII.
351 461 402 524 tl.
424 463 520 537 ltaque
541 480 597 520 non
620 462 740 520 deterret
761 461 913 536 sapientem
934 478 1020 528 mors,
1043 480 1114 538 quae

76 579 195 648 propter
226 572 346 630 incertos
372 588 452 628 casus
486 570 610 645 quotidie
637 570 777 643 imminet,
810 577 923 642 propter
951 570 1115 630 breuitatem

75 680 150 740 uitae
172 695 313 753 nunquam
335 685 426 752 potest
446 680 529 751 longe
551 680 667 751 abesse,
697 695 753 752 quo
775 678 866 735 minus
888 678 917 734 iu
940 696 1021 735 omne
1043 687 1114 736 tcm-

76 805 132 863 pus
153 786 341 861 reipublicae
362 786 477 860 suisque
498 788 633 860 consulat,
655 792 686 842 ut
706 786 892 860 posteritatem
914 784 1013 861 ipsam,
1035 786 1113 845 cuius

76 912 191 953 censum
212 895 357 952 habiturus
379 910 437 951 nou
460 896 510 968 sit,
539 895 574 951 ad
596 911 626 951 se
647 900 724 967 putet
745 893 891 966 pertinere.
936 894 1027 964 Quare
1049 894 1114 953 licet

75 1003 159 1061 etiam
188 1003 335 1069 mortalem
364 1018 426 1058 csse
459 1005 583 1058 animum
608 1001 777 1058 iudicantem
805 1007 915 1058 aeterna
942 1001 1035 1058 moliri
1057 1019 1114 1059 uon

75 1109 183 1183 gloriae
204 1109 369 1184 cupiditate,
392 1126 476 1183 quam
497 1125 629 1167 sensurus
651 1127 708 1166 uon
729 1108 780 1182 sit,
811 1109 861 1165 sed
882 1108 1008 1182 metutis,
1030 1126 1114 1182 quam

75 1218 233 1276 necessario
256 1217 362 1289 gloria,
385 1216 467 1273 etiam
489 1217 513 1273 si
535 1223 565 1274 tu
585 1216 615 1272 id
637 1233 693 1273 uon
715 1232 797 1289 agas,
820 1222 1012 1290 consequatur.
1056 1217 1113 1275 Na·

75 1332 137 1383 tura
158 1341 227 1382 uero
255 1341 285 1382 se
312 1324 353 1383 sic
380 1324 477 1397 habet,
510 1329 556 1397 ut,
592 1340 648 1397 quo
675 1325 759 1380 modo
788 1322 896 1389 initium
917 1323 999 1380 nobis
1020 1341 1114 1382 rerum

76 1431 203 1491 omnium
225 1437 301 1490 ortus
318 1438 419 1490 noster
439 1431 550 1508 alferat,
582 1431 623 1487 sic
643 1430 747 1487 exitum
767 1447 862 1503 mors3
885 1438 915 1487 ut
935 1430 1005 1486 nihil
1027 1432 1113 1503 pcrti-

75 1539 136 1596 nuit
157 1540 193 1596 ad
215 1556 266 1596 nos
288 1547 350 1597 ante
373 1545 482 1613 ortum,
505 1538 545 1595 sie
567 1537 637 1594 nillil
659 1543 860 1610 postmortem
881 1538 1036 1610 pertinebit.
1059 1541 1114 1595 -ln

76 1663 133 1721 quo
155 1645 224 1719 quid
244 1653 337 1720 potest
357 1664 419 1704 esse
441 1647 517 1720 mali,
540 1662 627 1719 quum
648 1661 724 1701 mors
745 1662 797 1701 uec
818 1644 853 1701 ad
875 1644 955 1702 uiuos
979 1646 1114 1718 pertineat

75 1770 129 1811 uec
149 1753 185 1810 ad
205 1752 353 1811 mortuos?
388 1753 476 1812 Alteri
502 1754 573 1810 uulli
595 1758 667 1825 sunt,
690 1754 792 1808 alteros
814 1769 871 1808 nou
893 1751 1015 1824 attinget.
1061 1752 1113 1813 92.

76 1861 166 1930 Quam
194 1861 244 1936 qui
275 1861 412 1919 leuiorem
438 1861 557 1934 iacimrt,
590 1860 680 1917 somni
709 1859 877 1916 simillimam
905 1860 1003 1916 uoluut
1033 1877 1112 1932 esse3

75 1968 156 2040 quasi
177 1984 245 2026 uero
267 1969 415 2043 quisquam
436 1968 473 2026 ita
494 1967 645 2040 nonaginta
666 1983 752 2024 anuos
770 1967 838 2023 uelit
853 1967 961 2041 uiuere,
975 1974 1014 2041 ut,
1027 1983 1113 2041 quum

75 2075 218 2147 sexaginta
246 2075 412 2148 coniecerit,
443 2076 567 2150 reliquos
594 2075 720 2133 dormiat
774 2075 817 2131 Ne
844 2091 908 2132 sues
937 2075 1051 2148 quidem
1082 2073 1113 2131 id

75 2183 179 2257 uelint,
208 2199 265 2240 nou
292 2183 377 2240 modo
405 2182 475 2256 ipsc.
529 2184 688 2258 Endymion
714 2199 801 2256 uero,
834 2181 859 2238 si
887 2182 994 2239 fabulas
1017 2181 1113 2239 audire

75 2291 216 2364 uolumus,
235 2296 275 2363 ut,
289 2289 382 2348 nescio
396 2291 516 2365 quando,
539 2290 568 2347 in
581 2292 678 2347 Latmo
701 2288 880 2362 obdormiuit,
902 2289 951 2363 qui
973 2295 1015 2346 est
1032 2306 1112 2347 mons

76 2397 192 2472 Cariam,
219 2397 359 2474 noudum,
390 2398 505 2472 opinor,
534 2406 577 2455 est
604 2403 789 2471 experrectus.
839 2397 914 2453 Num
939 2396 1023 2468 igitur
1049 2413 1113 2453 eum

75 2520 172 2561 curare
193 2520 309 2579 censes,
338 2522 425 2579 quum
446 2507 524 2562 Luna
547 2506 670 2579 laboret,
699 2521 792 2578 aqua
811 2503 971 2577 consopitus
992 2510 1112 2577 putatur,

75 2617 106 2669 ut
132 2629 196 2668 eum
225 2612 409 2670 dormientem
430 2610 624 2671 oscularetur?
657 2611 731 2681 Quid
759 2617 836 2668 curet
862 2615 969 2684 autern,
999 2610 1048 2683 qui
1075 2627 1111 2666 ne

76 2719 158 2777 sentit
179 2716 313 2793 quidem?
335 2720 431 2778 Habes
453 2738 580 2778 somnum
602 2719 752 2791 imaginem
772 2716 869 2775 mortis
897 2734 1013 2790 eamque
1039 2733 1110 2790 quu-

75 2826 142 2883 tidie
164 2827 266 2884 induis.
318 2827 356 2884 Et
382 2823 508 2902 dubitas,
543 2827 611 2900 quin
641 2843 739 2884 seusus
767 2826 798 2883 iu
824 2830 912 2881 morte
938 2825 1032 2881 nullus
1065 2823 1111 2898 sit,

75 2951 162 3008 quum
183 2933 213 2991 iu
235 2934 295 2991 eius
317 2935 465 2992 simulacro
486 2935 583 2993 uideas
605 2952 667 2992 esse
688 2935 796 2991 nullum
817 2930 953 2990 sonsum?

158 3042 293 3101 XXXIX.
322 3039 372 3101 93.
400 3043 543 3100 Pellantur
570 3059 638 3115 ergo
666 3043 734 3099 istae
755 3042 875 3114 ineptiae
902 3056 990 3114 paene
1011 3038 1110 3114 aniles,

51 3139 138 3206 ἐυιο
159 3155 268 3223 tempus
289 3151 362 3207 mori
383 3149 516 3207 miserum
537 3166 608 3206 esse.
651 3121 734 3217 Quod
756 3149 866 3206 taudem
887 3144 1019 3220 tempus?
1050 3147 1110 3204 Na-

73 3253 210 3314 turaeuei
242 3257 280 3313 ut
305 3275 338 3315 ca
367 3257 481 3331 quidem
502 3256 578 3313 dedit
600 3274 711 3314 usuram
732 3256 805 3313 uitae
826 3263 955 3329 tanquam
977 3253 1111 3327 pecuniae

73 3365 151 3420 nulla
171 3364 331 3437 praestituta
352 3364 407 3422 dic.
451 3365 526 3435 Quid
547 3370 590 3421 est
609 3364 703 3438 igitur,
726 3365 802 3436 quod
825 3379 956 3436 querare,
979 3361 1003 3418 si
1025 3378 1111 3433 repo-

44 3470 115 3545 xtit,
138 3487 226 3544 quum
245 3472 323 3545 uult3
346 3489 378 3529 ea
400 3471 475 3529 enim
494 3471 658 3529 condicione
679 3488 834 3543 acceperas.
873 3470 971 3540 lidem,
995 3465 1018 3524 si
1040 3485 1111 3540 puer

71 3594 175 3650 paruus
197 3577 312 3653 occidit,
341 3596 430 3652 aequo
452 3579 543 3636 animo
566 3579 712 3635 ferendum
733 3581 844 3650 putant3
874 3575 897 3631 si
919 3591 986 3632 uero
1010 3573 1039 3630 iu
1060 3591 1108 3631 cu-

70 3684 126 3759 uis,
148 3702 184 3742 ne
206 3685 378 3759 querendum
400 3686 523 3760 quidem.
561 3686 646 3761 Atqui
668 3687 703 3742 alr
724 3684 778 3741 hoc
799 3682 925 3743 acerbius
947 3681 1039 3755 exegit
1059 3699 1110 3739 na·

137 3957 181 4007 91.
200 3962 284 4020 potest
301 3954 390 4023 longe)
405 3959 480 4020 longo
497 3963 581 4020 potest
589 3957 620 4011 0.
657 3963 686 4006 ut
703 3954 886 4019 prosterimtonr)
906 3962 931 4006 et
948 3970 973 4018 p.
984 3940 1019 4006 '0.
1052 3967 1112 4005 csse

68 4041 200 4109 animum)
218 4055 276 4095 mse
291 4045 403 4095 animam
421 4043 453 4096 ll.
471 4056 500 4093 se
517 4040 569 4108 sic)
586 4043 625 4092 sie
643 4055 672 4092 se
691 4042 722 4090 Ο.
757 4039 874 4105 attinget)
892 4039 1034 4103 attingitO.
1065 4040 1110 4089 ltl.

46 4142 153 4207 ¹quum
172 4126 457 4193 rannemundus
476 4126 506 4180 u.
542 4128 585 4177 ott
604 4124 639 4178 lt
657 4126 707 4190 ca)
727 4129 757 4177 nd
776 4138 804 4178 ca
826 4126 857 4177 ll.
884 4124 1058 4190 lidem)ldem
1078 4125 1109 4174 lc
