<?xml version="1.0" encoding="UTF-8"?>
<!DOCTYPE html PUBLIC "-//W3C//DTD XHTML 1.0 Transitional//EN"
    "http://www.w3.org/TR/xhtml1/DTD/xhtml1-transitional.dtd">
<html xmlns="http://www.w3.org/1999/xhtml" xml:lang="en" lang="en">
 <head>
  <title>
</title>
<meta http-equiv="Content-Type" content="text/html;charset=utf-8" />
  <meta name='ocr-system' content='tesseract 3.04.00' />
  <meta name='ocr-capabilities' content='ocr_page ocr_carea ocr_par ocr_line ocrx_word'/>
</head>
<body>
  <div class='ocr_page' id='page_1' title='image "./tusculanarumdis00treggoog_0040.png"; bbox 0 0 2610 4634; ppageno 0'>
   <div class='ocr_carea' id='block_1_1' title="bbox 424 245 1121 308">
    <p class='ocr_par' dir='ltr' id='par_1_1' title="bbox 424 245 1121 308">
     <span class='ocr_line' id='line_1_1' title="bbox 424 245 1121 308; baseline 0.001 -1"><span class='ocrx_word' id='word_1_1' title='bbox 424 261 489 307; x_wconf 77' lang='lat' dir='ltr'>uis.</span> <span class='ocrx_word' id='word_1_2' title='bbox 513 249 534 305; x_wconf 86' lang='lat'>1.</span> <span class='ocrx_word' id='word_1_3' title='bbox 578 262 649 307; x_wconf 78' lang='lat' dir='ltr'>car.</span> <span class='ocrx_word' id='word_1_4' title='bbox 671 245 786 307; x_wconf 81' lang='lat'><strong>9—10.</strong></span> <span class='ocrx_word' id='word_1_5' title='bbox 1101 246 1121 308; x_wconf 87' lang='lat' dir='ltr'>ll</span> 
     </span>
    </p>
   </div>
   <div class='ocr_carea' id='block_1_2' title="bbox 82 448 1126 3840">
    <p class='ocr_par' dir='ltr' id='par_1_2' title="bbox 82 448 1126 3840">
     <span class='ocr_line' id='line_1_2' title="bbox 87 448 1122 528; baseline -0.006 -17"><span class='ocrx_word' id='word_1_6' title='bbox 87 453 217 528; x_wconf 82' lang='lat' dir='ltr'>proxime</span> <span class='ocrx_word' id='word_1_7' title='bbox 230 456 322 509; x_wconf 83' lang='lat' dir='ltr'>autem</span> <span class='ocrx_word' id='word_1_8' title='bbox 332 450 526 525; x_wconf 75' lang='lat' dir='ltr'>Aristoxenus,</span> <span class='ocrx_word' id='word_1_9' title='bbox 541 449 665 506; x_wconf 85' lang='lat' dir='ltr'>musicus</span> <span class='ocrx_word' id='word_1_10' title='bbox 685 448 816 523; x_wconf 81' lang='lat' dir='ltr'>idemque</span> <span class='ocrx_word' id='word_1_11' title='bbox 836 449 1031 523; x_wconf 86' lang='lat' dir='ltr'>philosophus,</span> <span class='ocrx_word' id='word_1_12' title='bbox 1053 448 1122 522; x_wconf 85' lang='lat' dir='ltr'>ipsi·</span> 
     </span>
     <span class='ocr_line' id='line_1_3' title="bbox 87 557 1122 632; baseline -0.006 -14"><span class='ocrx_word' id='word_1_13' title='bbox 87 578 122 619; x_wconf 90' lang='lat' dir='ltr'>us</span> <span class='ocrx_word' id='word_1_14' title='bbox 150 557 276 632; x_wconf 89' lang='lat' dir='ltr'>corporis</span> <span class='ocrx_word' id='word_1_15' title='bbox 305 557 484 613; x_wconf 87' lang='lat' dir='ltr'>intentionem</span> <span class='ocrx_word' id='word_1_16' title='bbox 510 557 666 629; x_wconf 85' lang='lat' dir='ltr'>quandam;</span> <span class='ocrx_word' id='word_1_17' title='bbox 696 559 774 614; x_wconf 88' lang='lat' dir='ltr'>uelut</span> <span class='ocrx_word' id='word_1_18' title='bbox 800 557 830 613; x_wconf 91' lang='lat' dir='ltr'>iu</span> <span class='ocrx_word' id='word_1_19' title='bbox 856 564 938 614; x_wconf 90' lang='lat' dir='ltr'>cantu</span> <span class='ocrx_word' id='word_1_20' title='bbox 959 562 987 614; x_wconf 90' lang='lat' dir='ltr'>ct</span> <span class='ocrx_word' id='word_1_21' title='bbox 1008 557 1122 629; x_wconf 82' lang='lat' dir='ltr'>fidibus,</span> 
     </span>
     <span class='ocr_line' id='line_1_4' title="bbox 88 663 1122 741; baseline -0.006 -17"><span class='ocrx_word' id='word_1_22' title='bbox 88 684 162 741; x_wconf 87' lang='lat' dir='ltr'>quac</span> <span class='ocrx_word' id='word_1_23' title='bbox 182 663 326 722; x_wconf 84' lang='lat' dir='ltr'>harmonia</span> <span class='ocrx_word' id='word_1_24' title='bbox 347 663 462 735; x_wconf 88' lang='lat' dir='ltr'>dicitur,</span> <span class='ocrx_word' id='word_1_25' title='bbox 491 663 531 719; x_wconf 91' lang='lat' dir='ltr'>sic</span> <span class='ocrx_word' id='word_1_26' title='bbox 552 681 587 719; x_wconf 89' lang='lat' dir='ltr'>ox</span> <span class='ocrx_word' id='word_1_27' title='bbox 608 663 734 736; x_wconf 89' lang='lat' dir='ltr'>corporis</span> <span class='ocrx_word' id='word_1_28' title='bbox 756 663 839 720; x_wconf 89' lang='lat' dir='ltr'>totius</span> <span class='ocrx_word' id='word_1_29' title='bbox 860 668 957 721; x_wconf 82' lang='lat' dir='ltr'>natura</span> <span class='ocrx_word' id='word_1_30' title='bbox 986 670 1014 721; x_wconf 91' lang='lat' dir='ltr'>et</span> <span class='ocrx_word' id='word_1_31' title='bbox 1034 663 1122 734; x_wconf 79' lang='lat' dir='ltr'>figura</span> 
     </span>
     <span class='ocr_line' id='line_1_5' title="bbox 88 769 1122 842; baseline -0.006 -11"><span class='ocrx_word' id='word_1_32' title='bbox 88 773 182 831; x_wconf 87' lang='lat' dir='ltr'>uarios</span> <span class='ocrx_word' id='word_1_33' title='bbox 204 777 296 827; x_wconf 92' lang='lat' dir='ltr'>motus</span> <span class='ocrx_word' id='word_1_34' title='bbox 317 769 402 842; x_wconf 89' lang='lat' dir='ltr'>cieri,</span> <span class='ocrx_word' id='word_1_35' title='bbox 432 776 561 841; x_wconf 77' lang='lat' dir='ltr'><strong>tanquam</strong></span> <span class='ocrx_word' id='word_1_36' title='bbox 582 769 612 825; x_wconf 92' lang='lat' dir='ltr'>iu</span> <span class='ocrx_word' id='word_1_37' title='bbox 633 778 714 827; x_wconf 91' lang='lat' dir='ltr'>cautu</span> <span class='ocrx_word' id='word_1_38' title='bbox 736 786 831 828; x_wconf 90' lang='lat' dir='ltr'>sonos.</span> <span class='ocrx_word' id='word_1_39' title='bbox 874 769 929 827; x_wconf 87' lang='lat' dir='ltr'>Hic</span> <span class='ocrx_word' id='word_1_40' title='bbox 950 771 985 827; x_wconf 87' lang='lat' dir='ltr'>ab</span> <span class='ocrx_word' id='word_1_41' title='bbox 1007 769 1122 827; x_wconf 89' lang='lat' dir='ltr'>artilicio</span> 
     </span>
     <span class='ocr_line' id='line_1_6' title="bbox 88 876 1123 949; baseline -0.006 -11"><span class='ocrx_word' id='word_1_42' title='bbox 88 897 141 939; x_wconf 84' lang='lat' dir='ltr'>suo</span> <span class='ocrx_word' id='word_1_43' title='bbox 163 896 220 935; x_wconf 89' lang='lat' dir='ltr'>nou</span> <span class='ocrx_word' id='word_1_44' title='bbox 241 876 356 935; x_wconf 80' lang='lat' dir='ltr'><strong>recessit</strong></span> <span class='ocrx_word' id='word_1_45' title='bbox 375 882 404 932; x_wconf 90' lang='lat' dir='ltr'>et</span> <span class='ocrx_word' id='word_1_46' title='bbox 424 882 514 932; x_wconf 74' lang='lat' dir='ltr'>umen</span> <span class='ocrx_word' id='word_1_47' title='bbox 536 877 606 932; x_wconf 86' lang='lat' dir='ltr'>dixit</span> <span class='ocrx_word' id='word_1_48' title='bbox 626 876 740 949; x_wconf 88' lang='lat' dir='ltr'>aliquid,</span> <span class='ocrx_word' id='word_1_49' title='bbox 764 876 839 949; x_wconf 93' lang='lat' dir='ltr'>quod</span> <span class='ocrx_word' id='word_1_50' title='bbox 859 876 952 949; x_wconf 90' lang='lat' dir='ltr'>ipsum</span> <span class='ocrx_word' id='word_1_51' title='bbox 974 878 1056 949; x_wconf 86' lang='lat' dir='ltr'>quale</span> <span class='ocrx_word' id='word_1_52' title='bbox 1077 892 1123 932; x_wconf 54' lang='lat' dir='ltr'>esa</span> 
     </span>
     <span class='ocr_line' id='line_1_7' title="bbox 87 983 1123 1060; baseline -0.007 -15"><span class='ocrx_word' id='word_1_53' title='bbox 87 994 147 1060; x_wconf 86' lang='lat' dir='ltr'>set,</span> <span class='ocrx_word' id='word_1_54' title='bbox 169 991 229 1043; x_wconf 86' lang='lat' dir='ltr'>crat</span> <span class='ocrx_word' id='word_1_55' title='bbox 247 984 335 1041; x_wconf 92' lang='lat' dir='ltr'>multo</span> <span class='ocrx_word' id='word_1_56' title='bbox 357 987 419 1038; x_wconf 85' lang='lat' dir='ltr'>ante</span> <span class='ocrx_word' id='word_1_57' title='bbox 441 989 468 1037; x_wconf 90' lang='lat' dir='ltr'>ct</span> <span class='ocrx_word' id='word_1_58' title='bbox 489 983 592 1038; x_wconf 91' lang='lat' dir='ltr'>dictum</span> <span class='ocrx_word' id='word_1_59' title='bbox 614 990 640 1040; x_wconf 91' lang='lat' dir='ltr'>et</span> <span class='ocrx_word' id='word_1_60' title='bbox 662 985 837 1057; x_wconf 89' lang='lat' dir='ltr'>explanatum</span> <span class='ocrx_word' id='word_1_61' title='bbox 859 1001 875 1040; x_wconf 87' lang='lat' dir='ltr'>a</span> <span class='ocrx_word' id='word_1_62' title='bbox 896 983 1021 1040; x_wconf 85' lang='lat' dir='ltr'>Platone.</span> <span class='ocrx_word' id='word_1_63' title='bbox 1063 983 1123 1039; x_wconf 81' lang='lat' dir='ltr'>Xa-</span> 
     </span>
     <span class='ocr_line' id='line_1_8' title="bbox 86 1082 1122 1169; baseline -0.006 -18"><span class='ocrx_word' id='word_1_64' title='bbox 86 1098 215 1152; x_wconf 81' lang='lat' dir='ltr'>nocratcs</span> <span class='ocrx_word' id='word_1_65' title='bbox 237 1089 323 1149; x_wconf 89' lang='lat' dir='ltr'>animi</span> <span class='ocrx_word' id='word_1_66' title='bbox 344 1090 461 1160; x_wconf 75' lang='lat' dir='ltr'>liguram</span> <span class='ocrx_word' id='word_1_67' title='bbox 483 1096 510 1145; x_wconf 90' lang='lat' dir='ltr'>el</span> <span class='ocrx_word' id='word_1_68' title='bbox 531 1091 611 1162; x_wconf 90' lang='lat' dir='ltr'>quasi</span> <span class='ocrx_word' id='word_1_69' title='bbox 633 1107 734 1164; x_wconf 91' lang='lat' dir='ltr'>corpus</span> <span class='ocrx_word' id='word_1_70' title='bbox 756 1092 868 1161; x_wconf 79' lang='lat' dir='ltr'>negauit</span> <span class='ocrx_word' id='word_1_71' title='bbox 889 1108 966 1162; x_wconf 85' lang='lat' dir='ltr'>csse,</span> <span class='ocrx_word' id='word_1_72' title='bbox 991 1082 1122 1169; x_wconf 91' lang='lat' dir='ltr'>[uerum]</span> 
     </span>
     <span class='ocr_line' id='line_1_9' title="bbox 85 1195 1125 1270; baseline -0.005 -13"><span class='ocrx_word' id='word_1_73' title='bbox 85 1215 235 1257; x_wconf 89' lang='lat' dir='ltr'>numerum</span> <span class='ocrx_word' id='word_1_74' title='bbox 256 1197 327 1254; x_wconf 81' lang='lat' dir='ltr'><strong>dixit</strong></span> <span class='ocrx_word' id='word_1_75' title='bbox 347 1213 429 1269; x_wconf 89' lang='lat' dir='ltr'>esse,</span> <span class='ocrx_word' id='word_1_76' title='bbox 451 1195 606 1269; x_wconf 88' lang='lat' dir='ltr'>cuiusuis,</span> <span class='ocrx_word' id='word_1_77' title='bbox 628 1203 658 1252; x_wconf 92' lang='lat' dir='ltr'>ut</span> <span class='ocrx_word' id='word_1_78' title='bbox 678 1196 732 1252; x_wconf 91' lang='lat' dir='ltr'>iam</span> <span class='ocrx_word' id='word_1_79' title='bbox 754 1204 816 1254; x_wconf 87' lang='lat' dir='ltr'>ante</span> <span class='ocrx_word' id='word_1_80' title='bbox 839 1198 1011 1270; x_wconf 77' lang='lat' dir='ltr'>Pythagorae</span> <span class='ocrx_word' id='word_1_81' title='bbox 1032 1196 1125 1252; x_wconf 91' lang='lat' dir='ltr'>uisum</span> 
     </span>
     <span class='ocr_line' id='line_1_10' title="bbox 86 1302 1125 1377; baseline -0.003 -15"><span class='ocrx_word' id='word_1_82' title='bbox 86 1311 162 1377; x_wconf 82' lang='lat' dir='ltr'>erat,</span> <span class='ocrx_word' id='word_1_83' title='bbox 195 1304 342 1365; x_wconf 78' lang='lat' dir='ltr'>iunctura</span> <span class='ocrx_word' id='word_1_84' title='bbox 369 1302 486 1358; x_wconf 82' lang='lat' dir='ltr'>maxima</span> <span class='ocrx_word' id='word_1_85' title='bbox 515 1309 597 1358; x_wconf 86' lang='lat' dir='ltr'>esset.</span> <span class='ocrx_word' id='word_1_86' title='bbox 650 1304 719 1360; x_wconf 89' lang='lat' dir='ltr'>Eius</span> <span class='ocrx_word' id='word_1_87' title='bbox 752 1306 850 1361; x_wconf 88' lang='lat' dir='ltr'>doctor</span> <span class='ocrx_word' id='word_1_88' title='bbox 882 1306 959 1362; x_wconf 91' lang='lat' dir='ltr'>Plato</span> <span class='ocrx_word' id='word_1_89' title='bbox 988 1304 1125 1375; x_wconf 73' lang='lat' dir='ltr'>triplicem</span> 
     </span>
     <span class='ocr_line' id='line_1_11' title="bbox 87 1407 1125 1483; baseline -0.002 -14"><span class='ocrx_word' id='word_1_90' title='bbox 87 1411 168 1469; x_wconf 87' lang='lat' dir='ltr'>linxit</span> <span class='ocrx_word' id='word_1_91' title='bbox 187 1410 326 1482; x_wconf 60' lang='lat' dir='ltr'>animum</span> <span class='ocrx_word' id='word_1_92' title='bbox 354 1407 432 1465; x_wconf 91' lang='lat' dir='ltr'>cuius</span> <span class='ocrx_word' id='word_1_93' title='bbox 453 1408 653 1480; x_wconf 81' lang='lat' dir='ltr'>principatum,</span> <span class='ocrx_word' id='word_1_94' title='bbox 683 1409 711 1465; x_wconf 94' lang='lat' dir='ltr'>id</span> <span class='ocrx_word' id='word_1_95' title='bbox 741 1418 784 1467; x_wconf 86' lang='lat' dir='ltr'>est</span> <span class='ocrx_word' id='word_1_96' title='bbox 810 1411 958 1483; x_wconf 83' lang='lat' dir='ltr'>rationem,</span> <span class='ocrx_word' id='word_1_97' title='bbox 986 1410 1016 1466; x_wconf 91' lang='lat' dir='ltr'>iu</span> <span class='ocrx_word' id='word_1_98' title='bbox 1037 1410 1125 1483; x_wconf 87' lang='lat' dir='ltr'>capite</span> 
     </span>
     <span class='ocr_line' id='line_1_12' title="bbox 87 1516 1124 1590; baseline -0.003 -15"><span class='ocrx_word' id='word_1_99' title='bbox 87 1518 162 1575; x_wconf 88' lang='lat' dir='ltr'>sicut</span> <span class='ocrx_word' id='word_1_100' title='bbox 184 1518 215 1574; x_wconf 92' lang='lat' dir='ltr'>in</span> <span class='ocrx_word' id='word_1_101' title='bbox 234 1533 299 1574; x_wconf 86' lang='lat' dir='ltr'>arce</span> <span class='ocrx_word' id='word_1_102' title='bbox 319 1516 414 1588; x_wconf 87' lang='lat' dir='ltr'>posuit</span> <span class='ocrx_word' id='word_1_103' title='bbox 434 1522 461 1571; x_wconf 91' lang='lat' dir='ltr'>et</span> <span class='ocrx_word' id='word_1_104' title='bbox 482 1518 551 1573; x_wconf 90' lang='lat' dir='ltr'>duas</span> <span class='ocrx_word' id='word_1_105' title='bbox 572 1522 663 1586; x_wconf 90' lang='lat' dir='ltr'>partos</span> <span class='ocrx_word' id='word_1_106' title='bbox 685 1534 782 1587; x_wconf 88' lang='lat' dir='ltr'>parere</span> <span class='ocrx_word' id='word_1_107' title='bbox 804 1517 909 1590; x_wconf 89' lang='lat' dir='ltr'>uoluit,</span> <span class='ocrx_word' id='word_1_108' title='bbox 936 1516 1005 1572; x_wconf 91' lang='lat' dir='ltr'>iram</span> <span class='ocrx_word' id='word_1_109' title='bbox 1027 1523 1054 1572; x_wconf 89' lang='lat' dir='ltr'>ct</span> <span class='ocrx_word' id='word_1_110' title='bbox 1075 1533 1124 1573; x_wconf 91' lang='lat' dir='ltr'>cu·</span> 
     </span>
     <span class='ocr_line' id='line_1_13' title="bbox 86 1622 1125 1699; baseline -0.004 -17"><span class='ocrx_word' id='word_1_111' title='bbox 86 1625 245 1699; x_wconf 82' lang='lat' dir='ltr'>piditatem,</span> <span class='ocrx_word' id='word_1_112' title='bbox 278 1641 348 1697; x_wconf 90' lang='lat' dir='ltr'>quas</span> <span class='ocrx_word' id='word_1_113' title='bbox 375 1622 444 1680; x_wconf 89' lang='lat' dir='ltr'>locis</span> <span class='ocrx_word' id='word_1_114' title='bbox 472 1622 613 1695; x_wconf 81' lang='lat' dir='ltr'>disclusit3</span> <span class='ocrx_word' id='word_1_115' title='bbox 647 1622 716 1679; x_wconf 89' lang='lat' dir='ltr'>iram</span> <span class='ocrx_word' id='word_1_116' title='bbox 743 1623 773 1679; x_wconf 91' lang='lat' dir='ltr'>in</span> <span class='ocrx_word' id='word_1_117' title='bbox 794 1630 920 1697; x_wconf 77' lang='lat' dir='ltr'>pectore,</span> <span class='ocrx_word' id='word_1_118' title='bbox 948 1623 1125 1696; x_wconf 84' lang='lat' dir='ltr'>cupiditatem</span> 
     </span>
     <span class='ocr_line' id='line_1_14' title="bbox 90 1726 1125 1806; baseline -0.005 -15"><span class='ocrx_word' id='word_1_119' title='bbox 90 1739 186 1806; x_wconf 88' lang='lat' dir='ltr'>supter</span> <span class='ocrx_word' id='word_1_120' title='bbox 206 1730 368 1805; x_wconf 83' lang='lat' dir='ltr'>praecordia</span> <span class='ocrx_word' id='word_1_121' title='bbox 389 1730 499 1787; x_wconf 85' lang='lat' dir='ltr'>locauit</span> <span class='ocrx_word' id='word_1_122' title='bbox 543 1726 595 1786; x_wconf 83' lang='lat'>21.</span> <span class='ocrx_word' id='word_1_123' title='bbox 621 1729 807 1787; x_wconf 79' lang='lat' dir='ltr'>Dicaearchus</span> <span class='ocrx_word' id='word_1_124' title='bbox 836 1731 977 1787; x_wconf 88' lang='lat' dir='ltr'>antemio</span> <span class='ocrx_word' id='word_1_125' title='bbox 1004 1748 1039 1787; x_wconf 92' lang='lat' dir='ltr'>co</span> <span class='ocrx_word' id='word_1_126' title='bbox 1064 1746 1125 1787; x_wconf 86' lang='lat' dir='ltr'>ser·</span> 
     </span>
     <span class='ocr_line' id='line_1_15' title="bbox 86 1836 1125 1913; baseline -0.003 -17"><span class='ocrx_word' id='word_1_127' title='bbox 86 1856 189 1913; x_wconf 87' lang='lat' dir='ltr'>mooe,</span> <span class='ocrx_word' id='word_1_128' title='bbox 213 1855 297 1911; x_wconf 87' lang='lat' dir='ltr'>quem</span> <span class='ocrx_word' id='word_1_129' title='bbox 319 1837 443 1894; x_wconf 81' lang='lat' dir='ltr'>Corinthi</span> <span class='ocrx_word' id='word_1_130' title='bbox 466 1836 591 1893; x_wconf 86' lang='lat' dir='ltr'>habitum</span> <span class='ocrx_word' id='word_1_131' title='bbox 612 1836 701 1892; x_wconf 89' lang='lat' dir='ltr'>tribus</span> <span class='ocrx_word' id='word_1_132' title='bbox 722 1837 801 1893; x_wconf 89' lang='lat' dir='ltr'>libris</span> <span class='ocrx_word' id='word_1_133' title='bbox 823 1838 952 1910; x_wconf 87' lang='lat' dir='ltr'>exponit,</span> <span class='ocrx_word' id='word_1_134' title='bbox 980 1837 1125 1894; x_wconf 87' lang='lat' dir='ltr'>doctorum</span> 
     </span>
     <span class='ocr_line' id='line_1_16' title="bbox 87 1943 1126 2020; baseline -0.001 -19"><span class='ocrx_word' id='word_1_135' title='bbox 87 1945 233 2002; x_wconf 87' lang='lat' dir='ltr'>bominum</span> <span class='ocrx_word' id='word_1_136' title='bbox 259 1943 472 2018; x_wconf 89' lang='lat' dir='ltr'>disputantium,</span> <span class='ocrx_word' id='word_1_137' title='bbox 507 1943 598 2016; x_wconf 86' lang='lat' dir='ltr'>primo</span> <span class='ocrx_word' id='word_1_138' title='bbox 627 1943 700 2000; x_wconf 89' lang='lat' dir='ltr'>libro</span> <span class='ocrx_word' id='word_1_139' title='bbox 732 1946 834 2001; x_wconf 89' lang='lat' dir='ltr'>multos</span> <span class='ocrx_word' id='word_1_140' title='bbox 866 1947 1011 2019; x_wconf 87' lang='lat' dir='ltr'>loquentes</span> <span class='ocrx_word' id='word_1_141' title='bbox 1044 1945 1126 2020; x_wconf 80' lang='lat' dir='ltr'>lacit;</span> 
     </span>
     <span class='ocr_line' id='line_1_17' title="bbox 86 2050 1125 2126; baseline -0.001 -17"><span class='ocrx_word' id='word_1_142' title='bbox 86 2053 197 2110; x_wconf 89' lang='lat' dir='ltr'>duobus</span> <span class='ocrx_word' id='word_1_143' title='bbox 219 2051 413 2108; x_wconf 82' lang='lat' dir='ltr'>Pherecratem</span> <span class='ocrx_word' id='word_1_144' title='bbox 442 2050 580 2123; x_wconf 84' lang='lat' dir='ltr'>quendam</span> <span class='ocrx_word' id='word_1_145' title='bbox 607 2051 764 2107; x_wconf 81' lang='lat' dir='ltr'>Phthiotam</span> <span class='ocrx_word' id='word_1_146' title='bbox 791 2068 904 2126; x_wconf 88' lang='lat' dir='ltr'>senem,</span> <span class='ocrx_word' id='word_1_147' title='bbox 933 2068 1017 2125; x_wconf 89' lang='lat' dir='ltr'>quem</span> <span class='ocrx_word' id='word_1_148' title='bbox 1045 2051 1082 2108; x_wconf 87' lang='lat' dir='ltr'>ait</span> <span class='ocrx_word' id='word_1_149' title='bbox 1108 2069 1125 2108; x_wconf 87' lang='lat' dir='ltr'>a</span> 
     </span>
     <span class='ocr_line' id='line_1_18' title="bbox 85 2156 1125 2232; baseline -0.003 -16"><span class='ocrx_word' id='word_1_150' title='bbox 85 2158 257 2216; x_wconf 82' lang='lat' dir='ltr'>Deucalione</span> <span class='ocrx_word' id='word_1_151' title='bbox 279 2164 387 2232; x_wconf 92' lang='lat' dir='ltr'>ortum,</span> <span class='ocrx_word' id='word_1_152' title='bbox 417 2156 602 2214; x_wconf 81' lang='lat' dir='ltr'>disserentem</span> <span class='ocrx_word' id='word_1_153' title='bbox 628 2157 733 2213; x_wconf 91' lang='lat' dir='ltr'>inducit</span> <span class='ocrx_word' id='word_1_154' title='bbox 753 2158 822 2214; x_wconf 91' lang='lat' dir='ltr'>nibil</span> <span class='ocrx_word' id='word_1_155' title='bbox 845 2175 908 2215; x_wconf 87' lang='lat' dir='ltr'>esse</span> <span class='ocrx_word' id='word_1_156' title='bbox 930 2158 1043 2215; x_wconf 86' lang='lat' dir='ltr'>omuino</span> <span class='ocrx_word' id='word_1_157' title='bbox 1064 2158 1125 2213; x_wconf 80' lang='lat' dir='ltr'>aui-</span> 
     </span>
     <span class='ocr_line' id='line_1_19' title="bbox 86 2252 1126 2338; baseline -0.001 -16"><span class='ocrx_word' id='word_1_158' title='bbox 86 2283 164 2322; x_wconf 92' lang='lat' dir='ltr'>mum</span> <span class='ocrx_word' id='word_1_159' title='bbox 185 2270 213 2322; x_wconf 91' lang='lat' dir='ltr'>et</span> <span class='ocrx_word' id='word_1_160' title='bbox 233 2264 288 2321; x_wconf 92' lang='lat' dir='ltr'>boc</span> <span class='ocrx_word' id='word_1_161' title='bbox 314 2281 376 2321; x_wconf 85' lang='lat' dir='ltr'>esse</span> <span class='ocrx_word' id='word_1_162' title='bbox 403 2282 504 2321; x_wconf 89' lang='lat' dir='ltr'>nomen</span> <span class='ocrx_word' id='word_1_163' title='bbox 533 2270 621 2321; x_wconf 90' lang='lat' dir='ltr'>totum</span> <span class='ocrx_word' id='word_1_164' title='bbox 648 2252 729 2320; x_wconf 87' lang='lat' dir='ltr'>inane</span> <span class='ocrx_word' id='word_1_165' title='bbox 757 2265 914 2338; x_wconf 77' lang='lat' dir='ltr'>frustraque</span> <span class='ocrx_word' id='word_1_166' title='bbox 940 2264 1070 2322; x_wconf 90' lang='lat' dir='ltr'>animalia</span> <span class='ocrx_word' id='word_1_167' title='bbox 1097 2268 1126 2321; x_wconf 90' lang='lat' dir='ltr'>et</span> 
     </span>
     <span class='ocr_line' id='line_1_20' title="bbox 86 2370 1125 2444; baseline -0.002 -15"><span class='ocrx_word' id='word_1_168' title='bbox 86 2374 239 2430; x_wconf 85' lang='lat' dir='ltr'>animantes</span> <span class='ocrx_word' id='word_1_169' title='bbox 261 2371 395 2443; x_wconf 83' lang='lat' dir='ltr'>appellari</span> <span class='ocrx_word' id='word_1_170' title='bbox 424 2388 515 2444; x_wconf 87' lang='lat' dir='ltr'>neque</span> <span class='ocrx_word' id='word_1_171' title='bbox 540 2370 570 2427; x_wconf 92' lang='lat' dir='ltr'>in</span> <span class='ocrx_word' id='word_1_172' title='bbox 598 2370 710 2427; x_wconf 89' lang='lat' dir='ltr'>bomine</span> <span class='ocrx_word' id='word_1_173' title='bbox 738 2371 831 2430; x_wconf 90' lang='lat' dir='ltr'>inesse</span> <span class='ocrx_word' id='word_1_174' title='bbox 852 2373 974 2429; x_wconf 87' lang='lat' dir='ltr'>animum</span> <span class='ocrx_word' id='word_1_175' title='bbox 995 2373 1042 2428; x_wconf 95' lang='lat' dir='ltr'>uel</span> <span class='ocrx_word' id='word_1_176' title='bbox 1064 2370 1125 2428; x_wconf 89' lang='lat' dir='ltr'>aol-</span> 
     </span>
     <span class='ocr_line' id='line_1_21' title="bbox 85 2476 1125 2552; baseline -0.002 -15"><span class='ocrx_word' id='word_1_177' title='bbox 85 2495 160 2537; x_wconf 83' lang='lat' dir='ltr'>mam</span> <span class='ocrx_word' id='word_1_178' title='bbox 182 2494 234 2535; x_wconf 88' lang='lat' dir='ltr'>nec</span> <span class='ocrx_word' id='word_1_179' title='bbox 254 2478 283 2534; x_wconf 92' lang='lat' dir='ltr'>iu</span> <span class='ocrx_word' id='word_1_180' title='bbox 305 2477 393 2534; x_wconf 90' lang='lat' dir='ltr'>bestia</span> <span class='ocrx_word' id='word_1_181' title='bbox 415 2476 528 2551; x_wconf 89' lang='lat' dir='ltr'>uimque</span> <span class='ocrx_word' id='word_1_182' title='bbox 550 2495 661 2535; x_wconf 91' lang='lat' dir='ltr'>omnem</span> <span class='ocrx_word' id='word_1_183' title='bbox 683 2495 756 2552; x_wconf 91' lang='lat' dir='ltr'>eam,</span> <span class='ocrx_word' id='word_1_184' title='bbox 779 2495 834 2551; x_wconf 93' lang='lat' dir='ltr'>qua</span> <span class='ocrx_word' id='word_1_185' title='bbox 855 2480 901 2535; x_wconf 91' lang='lat' dir='ltr'>uel</span> <span class='ocrx_word' id='word_1_186' title='bbox 922 2495 1035 2551; x_wconf 82' lang='lat' dir='ltr'>agamus</span> <span class='ocrx_word' id='word_1_187' title='bbox 1057 2478 1125 2552; x_wconf 90' lang='lat' dir='ltr'>quid</span> 
     </span>
     <span class='ocr_line' id='line_1_22' title="bbox 85 2585 1126 2659; baseline -0.001 -17"><span class='ocrx_word' id='word_1_188' title='bbox 85 2587 136 2642; x_wconf 89' lang='lat' dir='ltr'>uel</span> <span class='ocrx_word' id='word_1_189' title='bbox 163 2585 331 2659; x_wconf 88' lang='lat' dir='ltr'>sentiamus,</span> <span class='ocrx_word' id='word_1_190' title='bbox 359 2585 388 2641; x_wconf 93' lang='lat' dir='ltr'>iu</span> <span class='ocrx_word' id='word_1_191' title='bbox 416 2587 546 2642; x_wconf 90' lang='lat' dir='ltr'>omuibus</span> <span class='ocrx_word' id='word_1_192' title='bbox 573 2585 738 2656; x_wconf 92' lang='lat' dir='ltr'>corporibus</span> <span class='ocrx_word' id='word_1_193' title='bbox 765 2585 838 2641; x_wconf 89' lang='lat' dir='ltr'>uiuis</span> <span class='ocrx_word' id='word_1_194' title='bbox 859 2586 1042 2658; x_wconf 86' lang='lat' dir='ltr'>aequabiliter</span> <span class='ocrx_word' id='word_1_195' title='bbox 1062 2600 1126 2642; x_wconf 88' lang='lat' dir='ltr'>csse</span> 
     </span>
     <span class='ocr_line' id='line_1_23' title="bbox 85 2690 1124 2765; baseline -0.003 -16"><span class='ocrx_word' id='word_1_196' title='bbox 85 2692 177 2749; x_wconf 86' lang='lat' dir='ltr'>lusam</span> <span class='ocrx_word' id='word_1_197' title='bbox 199 2709 250 2748; x_wconf 94' lang='lat' dir='ltr'>nec</span> <span class='ocrx_word' id='word_1_198' title='bbox 271 2693 457 2764; x_wconf 89' lang='lat' dir='ltr'>separabilem</span> <span class='ocrx_word' id='word_1_199' title='bbox 477 2711 494 2748; x_wconf 91' lang='lat' dir='ltr'>a</span> <span class='ocrx_word' id='word_1_200' title='bbox 515 2709 633 2764; x_wconf 90' lang='lat' dir='ltr'>corpore</span> <span class='ocrx_word' id='word_1_201' title='bbox 655 2708 732 2764; x_wconf 87' lang='lat' dir='ltr'>esse,</span> <span class='ocrx_word' id='word_1_202' title='bbox 763 2691 867 2763; x_wconf 89' lang='lat' dir='ltr'>quippe</span> <span class='ocrx_word' id='word_1_203' title='bbox 888 2707 959 2764; x_wconf 91' lang='lat' dir='ltr'>quac</span> <span class='ocrx_word' id='word_1_204' title='bbox 980 2692 1056 2747; x_wconf 88' lang='lat' dir='ltr'>nulla</span> <span class='ocrx_word' id='word_1_205' title='bbox 1078 2690 1124 2765; x_wconf 90' lang='lat' dir='ltr'>sit,</span> 
     </span>
     <span class='ocr_line' id='line_1_24' title="bbox 85 2797 1124 2872; baseline -0.003 -16"><span class='ocrx_word' id='word_1_206' title='bbox 85 2816 139 2856; x_wconf 90' lang='lat' dir='ltr'>ucc</span> <span class='ocrx_word' id='word_1_207' title='bbox 160 2799 196 2855; x_wconf 91' lang='lat' dir='ltr'>sit</span> <span class='ocrx_word' id='word_1_208' title='bbox 215 2799 365 2872; x_wconf 91' lang='lat' dir='ltr'>quicquam</span> <span class='ocrx_word' id='word_1_209' title='bbox 386 2798 439 2856; x_wconf 89' lang='lat' dir='ltr'>uisi</span> <span class='ocrx_word' id='word_1_210' title='bbox 461 2816 563 2872; x_wconf 90' lang='lat' dir='ltr'>corpus</span> <span class='ocrx_word' id='word_1_211' title='bbox 584 2815 672 2855; x_wconf 92' lang='lat' dir='ltr'>uuum</span> <span class='ocrx_word' id='word_1_212' title='bbox 693 2803 721 2854; x_wconf 86' lang='lat' dir='ltr'>et</span> <span class='ocrx_word' id='word_1_213' title='bbox 742 2797 880 2872; x_wconf 82' lang='lat' dir='ltr'>simplex,</span> <span class='ocrx_word' id='word_1_214' title='bbox 902 2798 940 2854; x_wconf 89' lang='lat' dir='ltr'>ita</span> <span class='ocrx_word' id='word_1_215' title='bbox 960 2799 1124 2872; x_wconf 83' lang='lat' dir='ltr'>figuratum,</span> 
     </span>
     <span class='ocr_line' id='line_1_25' title="bbox 85 2903 1124 2979; baseline -0.002 -15"><span class='ocrx_word' id='word_1_216' title='bbox 85 2912 117 2964; x_wconf 93' lang='lat' dir='ltr'>ut</span> <span class='ocrx_word' id='word_1_217' title='bbox 137 2905 337 2978; x_wconf 88' lang='lat' dir='ltr'>temperatione</span> <span class='ocrx_word' id='word_1_218' title='bbox 358 2911 472 2962; x_wconf 87' lang='lat' dir='ltr'>naturae</span> <span class='ocrx_word' id='word_1_219' title='bbox 493 2906 586 2979; x_wconf 78' lang='lat' dir='ltr'>uigeat</span> <span class='ocrx_word' id='word_1_220' title='bbox 606 2912 634 2963; x_wconf 91' lang='lat' dir='ltr'>et</span> <span class='ocrx_word' id='word_1_221' title='bbox 655 2907 762 2963; x_wconf 85' lang='lat' dir='ltr'>sentiat</span> <span class='ocrx_word' id='word_1_222' title='bbox 783 2903 1124 2979; x_wconf 74' lang='lat' dir='ltr'>22.urist0teies,10ngo</span> 
     </span>
     <span class='ocr_line' id='line_1_26' title="bbox 85 3006 1124 3087; baseline -0.002 -17"><span class='ocrx_word' id='word_1_223' title='bbox 85 3011 217 3070; x_wconf 90' lang='lat' dir='ltr'>omnibus</span> <span class='ocrx_word' id='word_1_224' title='bbox 244 3010 411 3087; x_wconf 80' lang='lat' dir='ltr'>(Platonem</span> <span class='ocrx_word' id='word_1_225' title='bbox 442 3029 553 3085; x_wconf 87' lang='lat' dir='ltr'>semper</span> <span class='ocrx_word' id='word_1_226' title='bbox 579 3006 709 3082; x_wconf 84' lang='lat' dir='ltr'>excipio)</span> <span class='ocrx_word' id='word_1_227' title='bbox 738 3020 880 3085; x_wconf 85' lang='lat' dir='ltr'>praestans</span> <span class='ocrx_word' id='word_1_228' title='bbox 908 3019 936 3069; x_wconf 91' lang='lat' dir='ltr'>et</span> <span class='ocrx_word' id='word_1_229' title='bbox 961 3011 1074 3084; x_wconf 77' lang='lat' dir='ltr'>iugenio</span> <span class='ocrx_word' id='word_1_230' title='bbox 1095 3017 1124 3068; x_wconf 87' lang='lat' dir='ltr'>et</span> 
     </span>
     <span class='ocr_line' id='line_1_27' title="bbox 85 3117 1123 3192; baseline 0.001 -17"><span class='ocrx_word' id='word_1_231' title='bbox 85 3118 239 3191; x_wconf 77' lang='lat' dir='ltr'>diligentia,</span> <span class='ocrx_word' id='word_1_232' title='bbox 253 3136 340 3191; x_wconf 90' lang='lat' dir='ltr'>quum</span> <span class='ocrx_word' id='word_1_233' title='bbox 350 3117 482 3192; x_wconf 74' lang='lat' dir='ltr'>quattuor&#39;</span> <span class='ocrx_word' id='word_1_234' title='bbox 491 3126 555 3176; x_wconf 91' lang='lat' dir='ltr'>uota</span> <span class='ocrx_word' id='word_1_235' title='bbox 565 3119 613 3174; x_wconf 93' lang='lat' dir='ltr'>illa</span> <span class='ocrx_word' id='word_1_236' title='bbox 629 3137 731 3190; x_wconf 79' lang='lat' dir='ltr'>genera</span> <span class='ocrx_word' id='word_1_237' title='bbox 742 3119 943 3192; x_wconf 90' lang='lat' dir='ltr'>principiorum</span> <span class='ocrx_word' id='word_1_238' title='bbox 959 3126 1033 3177; x_wconf 88' lang='lat' dir='ltr'>essct</span> <span class='ocrx_word' id='word_1_239' title='bbox 1044 3135 1123 3176; x_wconf 84' lang='lat' dir='ltr'>com-</span> 
     </span>
     <span class='ocr_line' id='line_1_28' title="bbox 85 3226 1122 3301; baseline -0.001 -18"><span class='ocrx_word' id='word_1_240' title='bbox 85 3227 197 3299; x_wconf 87' lang='lat' dir='ltr'>plexus,</span> <span class='ocrx_word' id='word_1_241' title='bbox 227 3226 366 3298; x_wconf 88' lang='lat' dir='ltr'>equibus</span> <span class='ocrx_word' id='word_1_242' title='bbox 389 3228 481 3283; x_wconf 89' lang='lat' dir='ltr'>omnia</span> <span class='ocrx_word' id='word_1_243' title='bbox 503 3227 657 3300; x_wconf 86' lang='lat' dir='ltr'>orirentur,</span> <span class='ocrx_word' id='word_1_244' title='bbox 681 3227 804 3300; x_wconf 90' lang='lat' dir='ltr'>quintam</span> <span class='ocrx_word' id='word_1_245' title='bbox 833 3230 970 3301; x_wconf 89' lang='lat' dir='ltr'>quandam</span> <span class='ocrx_word' id='word_1_246' title='bbox 997 3234 1122 3282; x_wconf 83' lang='lat' dir='ltr'>naturam</span> 
     </span>
     <span class='ocr_line' id='line_1_29' title="bbox 85 3333 1122 3406; baseline -0.001 -15"><span class='ocrx_word' id='word_1_247' title='bbox 85 3338 182 3391; x_wconf 85' lang='lat' dir='ltr'>censet</span> <span class='ocrx_word' id='word_1_248' title='bbox 207 3349 286 3406; x_wconf 89' lang='lat' dir='ltr'>esse,</span> <span class='ocrx_word' id='word_1_249' title='bbox 315 3349 331 3389; x_wconf 90' lang='lat' dir='ltr'>c</span> <span class='ocrx_word' id='word_1_250' title='bbox 360 3350 414 3406; x_wconf 93' lang='lat' dir='ltr'>qua</span> <span class='ocrx_word' id='word_1_251' title='bbox 436 3334 472 3390; x_wconf 91' lang='lat' dir='ltr'>sit</span> <span class='ocrx_word' id='word_1_252' title='bbox 491 3350 579 3390; x_wconf 88' lang='lat' dir='ltr'>meus.</span> <span class='ocrx_word' id='word_1_253' title='bbox 630 3334 758 3405; x_wconf 75' lang='lat' dir='ltr'>cogitare</span> <span class='ocrx_word' id='word_1_254' title='bbox 780 3334 854 3391; x_wconf 91' lang='lat' dir='ltr'>enim</span> <span class='ocrx_word' id='word_1_255' title='bbox 877 3341 903 3392; x_wconf 90' lang='lat' dir='ltr'>et</span> <span class='ocrx_word' id='word_1_256' title='bbox 923 3333 1073 3406; x_wconf 88' lang='lat' dir='ltr'>prouidere</span> <span class='ocrx_word' id='word_1_257' title='bbox 1094 3338 1122 3390; x_wconf 80' lang='lat' dir='ltr'>o</span> 
     </span>
     <span class='ocr_line' id='line_1_30' title="bbox 84 3438 1120 3514; baseline -0.003 -17"><span class='ocrx_word' id='word_1_258' title='bbox 84 3440 193 3497; x_wconf 85' lang='lat' dir='ltr'>discere</span> <span class='ocrx_word' id='word_1_259' title='bbox 213 3446 242 3496; x_wconf 89' lang='lat' dir='ltr'>ct</span> <span class='ocrx_word' id='word_1_260' title='bbox 262 3440 363 3497; x_wconf 87' lang='lat' dir='ltr'>docere</span> <span class='ocrx_word' id='word_1_261' title='bbox 384 3448 413 3497; x_wconf 92' lang='lat' dir='ltr'>ct</span> <span class='ocrx_word' id='word_1_262' title='bbox 431 3440 558 3497; x_wconf 87' lang='lat' dir='ltr'>inuenire</span> <span class='ocrx_word' id='word_1_263' title='bbox 579 3441 683 3514; x_wconf 89' lang='lat' dir='ltr'>aliquid</span> <span class='ocrx_word' id='word_1_264' title='bbox 706 3447 808 3499; x_wconf 89' lang='lat' dir='ltr'>ettam</span> <span class='ocrx_word' id='word_1_265' title='bbox 829 3444 914 3497; x_wconf 88' lang='lat' dir='ltr'>multa</span> <span class='ocrx_word' id='word_1_266' title='bbox 935 3441 999 3511; x_wconf 88' lang='lat' dir='ltr'>alia,</span> <span class='ocrx_word' id='word_1_267' title='bbox 1021 3438 1120 3495; x_wconf 90' lang='lat' dir='ltr'>memi-</span> 
     </span>
     <span class='ocr_line' id='line_1_31' title="bbox 82 3547 1119 3627; baseline -0.002 -23"><span class='ocrx_word' id='word_1_268' title='bbox 82 3547 170 3627; x_wconf 78' lang='lat' dir='ltr'>nispc,</span> <span class='ocrx_word' id='word_1_269' title='bbox 192 3563 295 3621; x_wconf 85' lang='lat' dir='ltr'>amare,</span> <span class='ocrx_word' id='word_1_270' title='bbox 318 3547 421 3621; x_wconf 88' lang='lat' dir='ltr'>odisse,</span> <span class='ocrx_word' id='word_1_271' title='bbox 444 3565 556 3621; x_wconf 84' lang='lat' dir='ltr'>cupere,</span> <span class='ocrx_word' id='word_1_272' title='bbox 586 3548 694 3620; x_wconf 84' lang='lat' dir='ltr'>timere,</span> <span class='ocrx_word' id='word_1_273' title='bbox 716 3549 791 3619; x_wconf 79' lang='lat' dir='ltr'>angi,</span> <span class='ocrx_word' id='word_1_274' title='bbox 814 3547 920 3619; x_wconf 89' lang='lat' dir='ltr'>laetari,</span> <span class='ocrx_word' id='word_1_275' title='bbox 942 3548 1011 3603; x_wconf 87' lang='lat' dir='ltr'>haec</span> <span class='ocrx_word' id='word_1_276' title='bbox 1032 3552 1062 3602; x_wconf 91' lang='lat' dir='ltr'>et</span> <span class='ocrx_word' id='word_1_277' title='bbox 1080 3547 1119 3602; x_wconf 87' lang='lat' dir='ltr'>si·</span> 
     </span>
     <span class='ocr_line' id='line_1_32' title="bbox 82 3653 1121 3728; baseline 0 -17"><span class='ocrx_word' id='word_1_278' title='bbox 82 3653 161 3711; x_wconf 89' lang='lat' dir='ltr'>milia</span> <span class='ocrx_word' id='word_1_279' title='bbox 182 3670 280 3710; x_wconf 88' lang='lat' dir='ltr'>eorum</span> <span class='ocrx_word' id='word_1_280' title='bbox 313 3653 343 3711; x_wconf 90' lang='lat' dir='ltr'>iu</span> <span class='ocrx_word' id='word_1_281' title='bbox 370 3655 471 3710; x_wconf 89' lang='lat' dir='ltr'>borum</span> <span class='ocrx_word' id='word_1_282' title='bbox 498 3659 627 3728; x_wconf 90' lang='lat' dir='ltr'>quattuor</span> <span class='ocrx_word' id='word_1_283' title='bbox 653 3670 786 3725; x_wconf 84' lang='lat' dir='ltr'>generum</span> <span class='ocrx_word' id='word_1_284' title='bbox 809 3653 901 3710; x_wconf 84' lang='lat' dir='ltr'>inesse</span> <span class='ocrx_word' id='word_1_285' title='bbox 929 3654 1006 3709; x_wconf 93' lang='lat' dir='ltr'>nullo</span> <span class='ocrx_word' id='word_1_286' title='bbox 1034 3657 1121 3725; x_wconf 83' lang='lat' dir='ltr'>putat.</span> 
     </span>
     <span class='ocr_line' id='line_1_33' title="bbox 84 3759 1121 3840; baseline 0 -22"><span class='ocrx_word' id='word_1_287' title='bbox 84 3760 219 3830; x_wconf 83' lang='lat' dir='ltr'>Quintum</span> <span class='ocrx_word' id='word_1_288' title='bbox 241 3776 328 3832; x_wconf 76' lang='lat' dir='ltr'>genius</span> <span class='ocrx_word' id='word_1_289' title='bbox 350 3760 463 3817; x_wconf 87' lang='lat' dir='ltr'>adhibet</span> <span class='ocrx_word' id='word_1_290' title='bbox 483 3777 584 3818; x_wconf 93' lang='lat' dir='ltr'>uacans</span> <span class='ocrx_word' id='word_1_291' title='bbox 612 3760 739 3836; x_wconf 87' lang='lat' dir='ltr'>nomine,</span> <span class='ocrx_word' id='word_1_292' title='bbox 768 3766 795 3817; x_wconf 90' lang='lat' dir='ltr'>et</span> <span class='ocrx_word' id='word_1_293' title='bbox 823 3759 864 3816; x_wconf 91' lang='lat' dir='ltr'>sic</span> <span class='ocrx_word' id='word_1_294' title='bbox 884 3759 976 3840; x_wconf 81' lang='lat' dir='ltr'>ipsum</span> <span class='ocrx_word' id='word_1_295' title='bbox 997 3760 1121 3818; x_wconf 89' lang='lat' dir='ltr'>animum</span> 
     </span>
    </p>
   </div>
   <div class='ocr_carea' id='block_1_3' title="bbox 79 3953 1120 4194">
    <p class='ocr_par' dir='ltr' id='par_1_3' title="bbox 79 3953 1120 4194">
     <span class='ocr_line' id='line_1_34' title="bbox 151 3953 1117 4023; baseline 0.001 -18"><span class='ocrx_word' id='word_1_296' title='bbox 151 3961 238 4005; x_wconf 89' lang='lat' dir='ltr'>motus</span> <span class='ocrx_word' id='word_1_297' title='bbox 248 3953 323 4020; x_wconf 82' lang='lat' dir='ltr'>cieri]</span> <span class='ocrx_word' id='word_1_298' title='bbox 331 3957 422 4006; x_wconf 89' lang='lat' dir='ltr'>modos</span> <span class='ocrx_word' id='word_1_299' title='bbox 440 3970 462 4006; x_wconf 91' lang='lat' dir='ltr'>c.</span> <span class='ocrx_word' id='word_1_300' title='bbox 472 3957 504 4006; x_wconf 86' lang='lat' dir='ltr'>R.</span> <span class='ocrx_word' id='word_1_301' title='bbox 522 3969 556 4005; x_wconf 76' lang='lat' dir='ltr'>ea</span> <span class='ocrx_word' id='word_1_302' title='bbox 573 3957 629 4010; x_wconf 86' lang='lat' dir='ltr'>coll.</span> <span class='ocrx_word' id='word_1_303' title='bbox 641 3956 707 4007; x_wconf 77' lang='lat' dir='ltr'>Gud.</span> <span class='ocrx_word' id='word_1_304' title='bbox 719 3956 757 4006; x_wconf 79' lang='lat' dir='ltr'>etl.</span> <span class='ocrx_word' id='word_1_305' title='bbox 768 3954 962 4023; x_wconf 76' lang='lat' dir='ltr'>[uerumDsr‘rre</span> <span class='ocrx_word' id='word_1_306' title='bbox 979 3959 1053 4007; x_wconf 66' lang='lat' dir='ltr'>uach</span> <span class='ocrx_word' id='word_1_307' title='bbox 1061 3954 1117 4008; x_wconf 74' lang='lat' dir='ltr'>lto.</span> 
     </span>
     <span class='ocr_line' id='line_1_35' title="bbox 79 4038 1120 4107; baseline 0.001 -16"><span class='ocrx_word' id='word_1_308' title='bbox 79 4038 425 4102; x_wconf 71' lang='lat' dir='ltr'>buxitenirrmmllaulmam</span> <span class='ocrx_word' id='word_1_309' title='bbox 435 4040 466 4092; x_wconf 83' lang='lat' dir='ltr'>lt.</span> <span class='ocrx_word' id='word_1_310' title='bbox 486 4039 748 4106; x_wconf 73' lang='lat' dir='ltr'>parerercpararcib</span> <span class='ocrx_word' id='word_1_311' title='bbox 765 4038 894 4107; x_wconf 79' lang='lat' dir='ltr'>disclusit)</span> <span class='ocrx_word' id='word_1_312' title='bbox 904 4043 992 4093; x_wconf 66' lang='lat' dir='ltr'>omli.</span> <span class='ocrx_word' id='word_1_313' title='bbox 1014 4042 1055 4092; x_wconf 82' lang='lat'>21.</span> <span class='ocrx_word' id='word_1_314' title='bbox 1068 4043 1120 4092; x_wconf 89' lang='lat' dir='ltr'>do-</span> 
     </span>
     <span class='ocr_line' id='line_1_36' title="bbox 79 4122 1118 4194; baseline 0 -17"><span class='ocrx_word' id='word_1_315' title='bbox 79 4122 192 4192; x_wconf 85' lang='lat' dir='ltr'>clorum)</span> <span class='ocrx_word' id='word_1_316' title='bbox 201 4126 327 4177; x_wconf 89' lang='lat' dir='ltr'>dictorum</span> <span class='ocrx_word' id='word_1_317' title='bbox 333 4124 366 4177; x_wconf 84' lang='lat' dir='ltr'>n.</span> <span class='ocrx_word' id='word_1_318' title='bbox 392 4123 553 4190; x_wconf 80' lang='lat' dir='ltr'>Phthiotam)</span> <span class='ocrx_word' id='word_1_319' title='bbox 564 4125 693 4178; x_wconf 73' lang='lat' dir='ltr'>Pthiotim</span> <span class='ocrx_word' id='word_1_320' title='bbox 703 4126 735 4178; x_wconf 83' lang='lat' dir='ltr'>R.</span> <span class='ocrx_word' id='word_1_321' title='bbox 761 4125 895 4194; x_wconf 82' lang='lat' dir='ltr'>animalia)</span> <span class='ocrx_word' id='word_1_322' title='bbox 910 4132 936 4178; x_wconf 87' lang='lat' dir='ltr'>et</span> <span class='ocrx_word' id='word_1_323' title='bbox 952 4124 1073 4178; x_wconf 85' lang='lat' dir='ltr'>animalia</span> <span class='ocrx_word' id='word_1_324' title='bbox 1083 4124 1118 4177; x_wconf 85' lang='grc'>0.</span> 
     </span>
    </p>
   </div>
   <div class='ocr_carea' id='block_1_4' title="bbox 0 0 1310 4634">
    <p class='ocr_par' dir='ltr' id='par_1_4' title="bbox 0 0 1310 4634">
     <span class='ocr_line' id='line_1_37' title="bbox 0 0 1310 4634; baseline 0 0"><span class='ocrx_word' id='word_1_325' title='bbox 0 0 1310 4634; x_wconf 95' lang='lat' dir='ltr'> </span> 
     </span>
    </p>
   </div>
  </div>
 </body>
</html>
