2610 4634
359 300 362 304 ¹
452 289 514 334 era.
538 276 588 333 lv.
631 290 700 335 car.
723 273 859 335 29-31.
1111 279 1170 339 lli

219 479 315 537 XXX.
337 476 390 538 64.
413 479 470 536 Seri
492 478 674 551 aegritudini,
701 479 736 536 de
758 497 813 552 qua
834 482 899 537 satis
922 488 963 538 est
992 481 1170 556 disputatum,

130 587 266 647 finitimus
287 593 329 643 est
346 591 447 659 metus,
470 587 505 642 de
527 603 583 659 quo
600 603 688 658 pauca
710 586 908 643 dicendasunt
941 589 993 644 Est
1014 589 1088 645 enim
1110 608 1171 646 me-

129 703 187 767 tus,
209 699 241 751 ut
261 693 406 764 aegritudo
428 692 598 765 praesentis,
621 691 662 748 sic
683 691 732 748 ille
755 692 840 749 iuturi
862 695 937 751 mali.
980 696 1076 769 ltaque
1098 714 1170 752 non-

130 801 202 858 nulli
231 798 411 871 aegritudiuis
440 805 547 871 partem
574 799 713 869 quandam
739 806 846 856 metum·
870 817 932 857 esse
958 801 1100 875 dicebant3
1122 803 1171 861 alii

130 915 224 965 autem
245 912 351 963 metum
374 903 595 977 praemolestiam
617 906 802 978 appellabant,
826 909 902 978 quod
918 915 993 965 esset
1013 910 1093 981 quasi
1114 911 1171 966 dux

129 1012 328 1086 consequentia
356 1011 508 1068 molestiae.
558 1010 667 1078 Quibus
697 1013 781 1083 igitur
804 1013 955 1072 rationibus
977 1016 1106 1072 instantia
1127 1016 1170 1073 ie-

131 1128 241 1193 runtur,
264 1120 371 1176 eisdem
393 1124 605 1174 contemnuntur
628 1120 779 1190 sequentia.
823 1121 894 1175 Nam
906 1120 1056 1179 uidendum
1079 1124 1171 1181 estin

129 1228 268 1300 ubisque,
290 1244 325 1282 ne
347 1224 415 1298 quid
432 1224 548 1295 humile,
567 1225 755 1299 summissum,
778 1228 873 1300 molle,
890 1229 1087 1302 effeminatum,
1110 1231 1169 1288 ira·

130 1342 209 1392 etum
233 1335 427 1403 abiectumque
456 1331 598 1388 iaciamus.
649 1333 705 1389 Sed
727 1351 886 1407 quanquam
914 1335 949 1392 de
971 1336 1059 1408 ipsius
1080 1345 1171 1395 metus

130 1440 323 1513 inconstantia,
345 1438 543 1511 imbecillitate,
566 1438 676 1496 leuitate
694 1439 845 1496 dicendum
866 1447 918 1514 est,
941 1449 1032 1499 tamen
1054 1445 1171 1502 multum

131 1550 248 1622 prodest
269 1565 311 1621 ea,
328 1564 399 1620 quae
417 1551 584 1618 metuuntur,
607 1545 667 1617 ipsa
686 1553 872 1602 contemnere.
906 1549 1002 1622 ltaque
1023 1550 1083 1606 siue
1105 1569 1170 1609 casu

131 1655 231 1712 accidit
252 1654 319 1710 siue·
335 1652 463 1723 oonsilio,
486 1652 683 1724 percommode
705 1652 806 1709 factum
830 1660 881 1725 est,
905 1655 981 1727 quod
1003 1655 1042 1713 eis
1065 1637 1107 1714 de
1122 1675 1183 1715 re·-

130 1762 204 1832 bus,
232 1777 303 1833 quae
324 1759 445 1817 maxime
466 1763 642 1832 metuuntur,
670 1759 705 1816 de
727 1766 816 1817 morte
837 1768 865 1818 et
886 1752 920 1817 de
943 1762 1055 1836 dolore,
1078 1764 1169 1836 primo

131 1875 160 1925 et
180 1867 309 1942 proximo
331 1868 376 1924 die
399 1867 567 1938 disputatum
589 1870 639 1922 est
683 1866 761 1934 Quae
790 1867 813 1923 si
840 1868 957 1939 probata
984 1876 1064 1944 sunt,
1094 1877 1170 1929 metu

130 1992 233 2047 magna
260 1992 294 2031 ex
321 1980 404 2046 'parte
438 1970 547 2028 liberati
580 1988 684 2031 sumus.
727 1974 768 2030 Ac
800 1973 835 2030 de
868 1977 1006 2033 malorum
1038 1976 1170 2049 opinione

133 2084 274 2140 haetenus.

218 2189 326 2245 XXXl.
340 2184 389 2245 65.
401 2185 551 2244 Uideamus
572 2204 647 2243 nrrnc
668 2189 703 2244 de
725 2189 876 2262 bonorum,
896 2189 925 2245 iu
947 2198 990 2248 est
1010 2192 1045 2247 de
1065 2192 1169 2250 laetitia

132 2303 161 2354 et
181 2296 217 2353 de
239 2295 395 2368 eupiditate.
438 2293 510 2351 Mihi
532 2293 645 2366 quidem
667 2293 695 2350 in
718 2276 772 2351 tota
795 2297 900 2352 ratione
923 2313 966 2371 ea,
989 2315 1060 2370 quae
1081 2299 1168 2371 perti·

131 2409 179 2460 net
200 2403 236 2458 ad
254 2400 341 2459 animi
363 2401 596 2475 perturbationes,
620 2418 673 2457 una
696 2418 740 2457 res
762 2402 873 2460 uidetur
883 2419 994 2461 oausam
1016 2404 1167 2479 continere,

132 2525 229 2567 omnes
258 2526 304 2565 eas
331 2506 444 2564 esseio
465 2514 559 2563 nostra
588 2513 740 2581 potestate,
764 2525 859 2565 omnes
882 2509 985 2567 iudicio
1008 2519 1166 2586 susceptas,

132 2633 230 2673 omnes
252 2615 430 2672 uoluntarias.
474 2613 529 2670 llic
550 2614 635 2685 igitur
657 2633 735 2671 error
758 2622 799 2672 est
821 2615 996 2688 eripiendus,
1025 2619 1094 2675 haee
1115 2621 1166 2676 de·

130 2723 265 2781 trahenda
294 2720 399 2796 opinio,
423 2727 505 2792 atque
533 2721 612 2777 utin
634 2721 714 2777 malis
743 2721 860 2794 opinatis
883 2724 1053 2798 tolerabilia,
1077 2727 1167 2783 sicin

129 2826 213 2882 bonis
236 2824 371 2882 sedatiora
389 2833 452 2883 sunt
474 2826 620 2883 efficienda
641 2845 682 2900 ea,
700 2841 771 2900 quae
786 2844 884 2899 magua
906 2836 934 2886 et
953 2832 1092 2891 laetabilia
1114 2834 1167 2890 du-

130 2938 238 2988 cuntur.
271 2934 364 3006 Atque
386 2933 439 2990 hoc
456 2935 568 3006 quidem
591 2936 892 3002 communemalorum
914 2945 942 2996 et
966 2939 1113 3012 bonorum,
1126 2947 1165 3016 ut,
1241 3013 1243 3016 y

132 3040 156 3097 si
178 3041 235 3097 iam
256 3039 379 3102 dillieile,
400 3031 436 3098 sit
464 3041 631 3113 persuadere
659 3041 728 3098 nibil
758 3059 854 3099 earum
876 3061 984 3117 rerum,
1007 3063 1078 3118 quae
1100 3065 1166 3120 per·

130 3147 245 3204 turbent
264 3148 466 3223 animum„aut
490 3147 519 3204 in
542 3147 623 3204 bonis
641 3154 687 3207 aut
707 3148 736 3204 in
757 3149 837 3206 malis
860 3168 922 3208 esse
934 3152 1101 3227 babendum,
1125 3161 1167 3211 ta·

129 3268 194 3311 men
217 3253 271 3311 alia
291 3255 328 3310 ad
348 3254 433 3311 alium
449 3260 554 3310 motum
568 3255 671 3311 curatio
690 3255 726 3311 sit
743 3256 908 3329 adhibenda,
931 3259 1040 3331 aliaque
1061 3263 1167 3317 ratione

129 3361 304 3434 maleuolus,
326 3363 382 3419 alia
400 3367 515 3433 amator,
539 3360 592 3418 alia
614 3378 710 3418 rursus
731 3365 846 3435 anxius,
869 3365 923 3421 alia
945 3365 1055 3423 timidus
1078 3367 1168 3423 ctrrri⁴

130 3467 247 3538 gendos.
291 3466 341 3529 66.
363 3469 453 3541 Atque
475 3473 534 3525 erat
555 3467 635 3523 facile
658 3475 819 3541 sequentem
840 3440 901 3526 eam
923 3470 1074 3545 rationem,¹
1096 3489 1167 3545 quae

130 3574 250 3635 maxime
282 3577 416 3648 probatur
447 3576 483 3631 de
510 3574 591 3657 bonis
613 3580 641 3631 et
667 3575 764 3648 malis,
797 3592 898 3648 negare
920 3594 1042 3650 unquam
1064 3580 1168 3638 laetitia
1258 3626 1260 3630 .

129 3680 204 3739 allici
225 3699 310 3754 posse
331 3682 518 3758 insipientem,
536 3682 613 3755 quod
634 3680 703 3738 nibil
725 3700 846 3757 unquam
867 3683 982 3742 haberet
999 3685 1075 3743 boni.
1110 3687 1168 3745 Sed

197 3962 240 4012 64.
259 3962 451 4029 iile)illi1tP.
485 3948 710 4029 praemolestiam)
732 3967 909 4029 praemolestia
927 3967 980 4017 ΒΡ.
1016 3971 1100 4036 esset)
1129 3978 1168 4021 est

129 4046 184 4097 ΒΡ.
220 4048 263 4098 65.
281 4050 401 4112 pertinet)
420 4051 548 4112 pertinent
564 4053 632 4102 ΒΡ..
653 4050 868 4118 perturbationes)
887 4055 1100 4115 perturbationem
1113 4055 1166 4104 ΒΡ.

131 4131 272 4198 ducuntur)
288 4135 407 4186 dicuntur
423 4135 478 4186 ur.
