2610 4634
428 280 494 329 mn.
515 269 539 329 1.
581 283 653 352 car,
675 266 814 333 est-au.
1092 266 1134 335 tt

97 488 161 533 rom
183 470 382 531 conuersiones
404 486 557 548 omnesque
577 480 670 532 motus
687 474 736 549 qui
754 474 833 551 addit,
855 475 879 535 is
901 475 994 534 docuit
1015 477 1135 535 similem

97 582 222 641 animum
253 598 334 639 suum
367 581 427 639 eius
460 594 540 653 esse,
572 583 621 655 qni
648 599 681 639 ea
708 583 857 642 fabricatus
885 592 961 642 esset
984 585 1018 641 in
1044 587 1133 643 coelo.

97 687 149 751 03.
171 691 243 747 Nam
264 705 351 763 quum
378 685 560 746 Archimedes
588 690 686 763 lunae,
716 693 802 765 solis,
832 691 955 766 quinque
984 691 1134 750 errantium

96 803 190 855 motus
211 796 241 854 in
263 797 409 870 sphaeram
430 795 565 870 illiganit,
594 797 684 854 elicuit
710 798 803 873 idem,
826 799 902 871 quod
931 798 998 873 ille,
1026 799 1074 872 qui
1103 799 1133 857 in

98 905 214 962 Timaeo
229 905 364 962 mundum
382 904 546 978 aedilicauil,
564 904 688 964 Platonis
710 906 789 981 deus,
812 912 843 962 ut
863 905 987 964 tarditate
1009 911 1037 963 et
1057 909 1133 964 ccle-

96 1011 176 1070 ritate
198 1011 402 1069 dissimillimos
423 1018 515 1069 motus
536 1029 591 1068 una
618 1019 728 1085 regeret
750 1013 907 1072 conuersio.
953 1016 1036 1084 Quod
1058 1013 1082 1071 si
1103 1015 1132 1071 in

96 1119 151 1176 hoc
172 1101 287 1176 mundo
306 1119 368 1176 lieri
390 1118 450 1176 sinc
472 1120 525 1176 deo
554 1137 610 1177 non
637 1127 744 1194 potest,
772 1138 808 1177 ne
830 1120 859 1177 in
881 1121 998 1194 sphaera
1019 1122 1134 1194 quidem
1202 1132 1204 1136 “

95 1227 211 1284 eosdem
233 1232 324 1283 motus
335 1226 515 1284 Archimedes
538 1229 597 1285 sine
620 1227 715 1285 diuino
737 1228 849 1299 ingenio
871 1228 1007 1301 potuisset
1023 1228 1132 1286 imitari.

36 1314 40 1319 ’
181 1334 288 1391 xxvi.
316 1331 367 1394 64.
395 1334 465 1393 Mihi
493 1352 561 1392 nero
590 1352 625 1391 ne
653 1334 720 1392 hacc
749 1335 862 1407 quidem
885 1335 991 1392 notiora
1013 1342 1039 1393 et
1065 1337 1131 1394 illu·

95 1441 195 1501 sutore
223 1458 317 1499 carere
343 1442 372 1499 ni
401 1442 495 1499 diuina
521 1442 664 1516 uidentur,
697 1449 727 1500 ut
754 1459 806 1514 ego
838 1449 885 1499 aut
911 1446 1021 1515 politam
1047 1460 1132 1515 granc

94 1550 266 1623 plenumque
287 1566 397 1607 carmen
418 1549 478 1606 sine
500 1549 613 1607 coelesti
640 1549 733 1623 aliquo
761 1548 861 1606 mentis
887 1549 1018 1607 instinctu
1038 1558 1133 1622 putem

93 1656 212 1714 tundere
233 1663 280 1714 aut
300 1657 487 1731 eloquentiam
515 1657 575 1715 sine
603 1658 707 1714 maiore
734 1658 853 1731 quadam
880 1657 909 1714 ui
936 1659 1022 1714 llucre
1043 1658 1131 1714 abun·

92 1764 206 1822 dantem
226 1764 387 1821 sonantibus
414 1764 509 1822 uerbis
536 1746 726 1838 uberibusque
753 1764 906 1824 sententiis.
950 1765 1132 1838 Philosophia

19 1894 23 1906 ·
92 1888 173 1944 uero,
195 1870 319 1928 omnium
339 1878 427 1929 mater
447 1873 557 1946 artium,
578 1873 647 1945 quid
668 1879 710 1929 est
730 1871 805 1929 aliud
829 1872 894 1945 nisi,
917 1880 947 1930 nt
967 1873 1056 1946 Plato,
1079 1872 1130 1929 do·

91 1995 177 2052 num,
206 1986 237 2036 ut
257 1996 328 2054 ego,
356 1979 500 2036 inuentum
522 1977 660 2037 deornm?
692 1981 770 2038 Haec
791 1997 843 2038 nos
864 1979 986 2053 primum
1007 1981 1042 2036 ad
1063 1981 1129 2038 illo·

91 2102 155 2143 nrm
176 2087 298 2160 cultum,
327 2085 428 2143 dciodc
449 2087 484 2144 ad
506 2087 548 2144 ins
571 2087 730 2160 hominum,
758 2090 834 2163 qnod
856 2087 938 2145 situm
961 2094 1002 2146 est
1022 2088 1052 2144 in
1080 2105 1128 2160 ge·

90 2192 166 2249 ueris
193 2193 308 2252 humani
336 2193 481 2267 societate,
512 2199 571 2251 tum
603 2196 637 2251 ad
664 2196 828 2252 modestiam
856 2194 1130 2269 magnitudinemque

90 2301 176 2358 animi
198 2301 334 2376 erudinit,
356 2301 509 2374 eademque
531 2303 566 2359 ab
589 2301 680 2359 animo
702 2310 832 2377 tanquam
860 2303 895 2359 ab
922 2302 1010 2385 oculis
1032 2301 1129 2374 caligi-

81 2425 154 2466 nem
176 2409 306 2482 dispulit,
334 2416 365 2466 ut
391 2408 484 2466 omnia
512 2426 627 2485 supera,
651 2409 753 2484 infera,
776 2410 881 2483 prima,
904 2410 1016 2483 ultima,
1038 2410 1130 2467 media

89 2517 258 2573 uideremus.
302 2513 351 2575 65.
381 2518 499 2574 Prorsus
526 2516 594 2574 haec
615 2518 709 2574 diuina
737 2517 806 2574 mihi
836 2518 946 2574 uidetur
971 2517 1030 2590 uis,
1058 2534 1130 2589 quac

90 2629 198 2680 loires
225 2623 327 2681 ciliciat
355 2630 382 2682 et
408 2631 504 2682 tantas.
547 2624 623 2693 Quid
651 2631 694 2681 est
720 2623 795 2680 enim
821 2622 956 2689 memoria
984 2641 1078 2679 rerum
1103 2630 1131 2680 et

88 2732 256 2805 uerborum,
285 2732 352 2803 qnid
373 2748 457 2804 porro
480 2728 625 2789 irruentia?
659 2730 787 2788 Proiecto
809 2731 854 2804 id,
883 2746 939 2803 quo
968 2747 1003 2786 ne
1025 2729 1129 2786 indeo

88 2838 203 2911 quidem
224 2837 373 2911 quicquam
395 2839 484 2896 maius
505 2838 624 2911 intelligi
653 2845 753 2911 potest.
802 2839 866 2895 Non
895 2837 969 2895 enim
990 2838 1130 2896 ambrosia

87 2945 157 3002 deos
179 2951 226 3002 aut
245 2954 355 3004 nectare
370 2953 417 3003 aut
426 2948 570 3004 iuuentute
586 2948 686 3019 pocula
701 2945 871 3004 ministrante
889 2945 983 3003 laetari
1000 2947 1128 3020 arbitror,

87 3069 140 3109 nec
149 3053 306 3110 Homerum
328 3054 421 3128 audin,
445 3054 493 3127 qni
504 3054 684 3127 Ganymeden
706 3054 741 3110 ab
763 3054 806 3110 dis
829 3061 936 3128 raptum
958 3054 995 3112 ait
1015 3061 1129 3128 propter

86 3161 216 3234 formam,
238 3168 273 3218 ιιι
286 3162 348 3218 loui
371 3162 466 3219 hibere
487 3137 662 3218 ministraret.
704 3161 768 3218 Non
790 3161 860 3219 iusta
882 3179 973 3237 causa,
996 3163 1128 3220 curLao·

86 3268 209 3325 medonli
237 3274 310 3325 tanta
337 3270 417 3327 heret
442 3269 550 3326 iniuria.
594 3268 729 3340 Fingebat
756 3267 824 3325 hacc
849 3270 990 3327 Homerus
1018 3275 1046 3326 et
1074 3270 1126 3326 hu-

85 3391 167 3433 mana
188 3376 223 3433 ad
244 3377 312 3433 deos
334 3376 530 3449 trarrsierebat3
552 3376 646 3433 diuina
667 3377 780 3434 mallem
797 3376 831 3433 ad
851 3394 912 3434 nos.
946 3378 1023 3445 Quae
1037 3382 1127 3432 antem

85 3479 203 3540 diuina?
224 3483 337 3558 Uigere,
360 3500 467 3558 sapere,
485 3482 622 3557 inuenire,
633 3483 809 3555 meminisse3
821 3500 888 3554 ergo
900 3482 1008 3538 animus
1021 3475 1125 3560 [,qui],

71 3596 115 3648 -ut
135 3607 189 3662 ego
210 3590 291 3665 dico,
315 3590 426 3648 diuinus
448 3597 506 3665 est,
529 3598 560 3648 ut
579 3590 729 3663 Euripides
751 3590 845 3647 dicere
867 3590 959 3663 nudet,
981 3589 1067 3663 deus3
1100 3597 1127 3646 et

152 3732 233 3798 uidit)
253 3735 353 3785 animus
371 3738 438 3789 uidit
454 3739 486 3789 li.
506 3736 636 3803 [animus]
656 3738 720 3789 uidit
742 3737 773 3788 0.
807 3735 850 3786 64.
867 3734 954 3800 Plato)
972 3737 1043 3787 Plato
1062 3737 1125 3803 [alt]

84 3817 117 3868 0.
144 3818 188 3868 65.
207 3832 240 3869 ne
257 3820 283 3869 in
301 3821 350 3871 deo
367 3823 472 3884 quidem
490 3823 647 3888 quicquam)
669 3837 701 3874 ne
719 3825 745 3872 in
764 3825 811 3874 deo
829 3823 965 3884 quicquam
983 3824 1015 3872 R.
1034 3836 1082 3875 nec
1100 3825 1126 3874 ln

83 3903 281 3966 deoqnidquam
292 3904 324 3954 0.
364 3906 465 3974 laetari)
487 3909 619 3959 laetarell.
656 3905 833 3972 Ganymeden)
851 3907 1024 3970 Ganymedem
1035 3909 1067 3963 0.
1094 3912 1125 3960 ah

82 3986 135 4050 dis)
152 3990 184 4039 ah
202 3988 242 4038 his
259 3989 300 4051 R,
317 3993 363 4041 aad
380 4006 448 4046 corr.
466 3994 495 4042 tu
512 3994 543 4043 ah
562 3995 610 4044 dis.
628 4006 642 4042 a
661 3994 711 4042 diis
723 3991 754 4042 0.
790 3990 869 4057 [qui],
887 3999 916 4042 ut
932 4006 978 4057 ego
997 3995 1063 4058 dico,
1082 3997 1125 4046 di-

82 4073 161 4124 uinns
179 4079 227 4138 est,
246 4080 275 4124 ut
292 4074 323 4126 E.
341 4077 367 4127 d.
386 4090 429 4144 a.,
448 4076 526 4142 dens)
543 4078 598 4128 siue
615 4089 672 4128 uae.
691 4076 723 4126 R.
759 4082 788 4127 ιιι
805 4091 851 4140 ego
870 4078 942 4145 dico,
959 4080 1078 4144 diuinus,
1096 4086 1125 4130 ut
1225 4082 1227 4087 ’

81 4156 114 4209 lt.
130 4158 158 4210 d.
176 4171 210 4224 a.,
228 4159 349 4212 deusest
367 4162 399 4213 0.
