2610 4634
669 263 723 309 xlv

268 455 331 532 Ego
353 471 443 532 uero,
476 457 512 512 ut
540 450 678 511 omuibus
705 454 878 527 appareret,
907 450 978 526 qnid
1008 450 1038 508 in
1066 449 1218 510 codicibus

184 573 277 650 Regio
294 571 356 651 [it]
378 576 413 631 et·
431 569 595 630 Pithoeano
608 567 668 647 (P)
681 569 876 645 inueniretur,
891 569 1038 643 integram
1055 568 1220 645 scripturae

184 693 360 773 uarietatem
382 688 421 748 in'
440 688 507 748 imis
535 687 650 763 paginis
679 686 779 745 addidi
806 686 925 745 omissis
946 685 999 763 iis,
1034 702 1110 762 quae
1132 686 1220 744 modo

113 820 119 827 “
184 809 222 870 ad
243 805 457 866 uocabulorum
478 783 702 865 scribendorum
731 805 878 863 rationem
905 782 1095 880 pertinentia·
1111 803 1142 862 in
1164 803 1220 863 bac

185 924 370 1004 praefatione
391 903 495 1000 attuli,
522 938 662 999 quaeque
692 921 722 980 in
743 920 881 980 omnibus
903 920 1116 980 uetustioribus
1138 920 1222 980 codi-

176 1043 274 1103 cibus
296 1041 424 1101 inueniri
452 1040 549 1099 cuiuis
570 1040 628 1098 iam
656 1043 760 1098 notum
782 1042 838 1098 est
880 1037 988 1098 Addidi
1010 1038 1100 1098 ctiam
1122 1040 1222 1098 narie·

186 1164 278 1220 tatem
305 1158 419 1238 Noni,
449 1157 527 1216 unde
548 1155 684 1216 nonnulli
705 1155 811 1216 saltem
833 1155 890 1216 loci
911 1157 1063 1216 emendari
1083 1132 1220 1243 possunt,

186 1296 223 1338 ex
245 1275 522 1353 editlrlerceriana,v
546 1275 631 1334 cuius
653 1275 831 1351 scripturam
852 1292 941 1334 unam
955 1275 1221 1350 uerissimamesse

187 1395 265 1455 inter
275 1394 332 1454 alia
343 1393 461 1453 collatio
472 1390 805 1470 quaedamHauniensis
814 1392 1013 1470 demonstrat3
1025 1391 1123 1451 addidi
1136 1393 1222 1452 deni-

187 1531 245 1590 que
257 1510 449 1591 Orelliauam‚
466 1528 524 1587 que
536 1508 650 1568 facilior
672 1513 753 1569 esset
774 1511 956 1587 comparatio
977 1528 1060 1570 meac
1081 1510 1222 1569 editionis

121 1678 129 1703 „
187 1648 255 1691 cum
277 1629 413 1690 aliorum.
462 1626 494 1688 Si
522 1628 590 1704 quia
619 1645 667 1686 me
694 1626 732 1686 ab
760 1625 873 1687 Orellio
899 1628 1039 1687 recedere
1060 1628 1172 1687 uiderit
1191 1628 1222 1687 in

187 1747 274 1824 liegii
295 1746 451 1824 scripturis
471 1744 646 1824 eliciendis,
669 1744 760 1804 uelim
781 1745 839 1804 sibi
860 1746 1056 1826 persuadeat,
1078 1763 1127 1804 me
1149 1744 1223 1805 nihil

188 1869 330 1943 tanquam
350 1882 387 1924 ex
408 1862 510 1923 codice
527 1862 622 1938 Regio
644 1863 792 1955 posqisse,
814 1864 872 1923 nisi
893 1864 972 1940 quod
994 1866 1046 1922 aut
1066 1864 1224 1953 utriusque

189 1987 242 2043 ant
262 1981 386 2042 alterius
398 1981 494 2041 utrius
507 1980 674 2040 collationis
685 1953 886 2041 meaediserto
898 1981 1068 2041 testimonio
1080 1983 1132 2040 aut
1142 1984 1223 2040 certe

188 2091 346 2177 utriusque
370 2099 574 2159 consentiente
602 2080 720 2157 silentio
748 2097 899 2159 firmatum
927 2103 1019 2161 esset.
1061 2097 1095 2157 ln
1114 2093 1224 2158 'uerbis

189 2297 495 2313 ...μ-...Μ

190 2440 311 2491 Latinum
328 2450 387 2489 essa
405 2439 533 2489 iurauerit.
567 2439 624 2493 Lib.
646 2442 684 2491 111
707 2436 727 2506 S
745 2437 793 2490 522
811 2440 900 2490 Edem
917 2438 1060 2504 ctrpappo
1082 2441 1122 2490 ita
1136 2439 1226 2491 uideri

105 2572 109 2576 .
190 2527 256 2590 acio,
280 2524 349 2587 quod
363 2524 499 2598 maehum
516 2530 576 2573 ente
593 2539 647 2574 aon
662 2526 707 2585 ait,
730 2527 758 2575 id
783 2527 864 2591 sieri
880 2526 1062 2591 uehementius,
1079 2537 1156 2587 qnam
1173 2536 1225 2575 non

75 2662 84 2670 ,
190 2610 298 2671 intelligi
325 2615 412 2671 posset
434 2609 566 2670 explicatio
584 2611 672 2675 allata,
696 2611 752 2672 ipse
773 2611 888 2660 sensisse
912 2611 1027 2674 uidem,
1049 2622 1128 2672 quum
1145 2611 1225 2673 fieri

191 2695 315 2757 singulari
334 2694 410 2744 mode
429 2695 638 2758 excuditnberet3
657 2695 784 2756 quomodo
798 2694 868 2744 enim
882 2693 1050 2756 intelligerent
1065 2696 1128 2745 illud
1145 2695 1226 2758 fleat

191 2778 317 2840 Romani,
338 2777 384 2838 qui
401 2777 450 2845 tale
468 2778 651 2828 adminiculum
674 2791 725 2828 non
746 2778 878 2829 haberent.
919 2779 957 2829 lb.
975 2776 995 2843 S
1013 2777 1048 2828 ts
1064 2781 1143 2829 uelim
1161 2779 1225 2829 mihi

127 2861 129 2864 ’
193 2863 357 2924 demonstret,
375 2865 526 2922 turpatam
543 2861 706 2911 coniunctino
723 2864 800 2913 modo
815 2866 928 2925 positum
942 2863 1123 2924 sitsiqnidem
1133 2864 1226 2913 endem

193 2945 396 2994 enuntiationum
415 2949 501 2994 muare
511 2951 587 2995 vrecte
602 2947 712 2996 nicaen:
735 2950 804 3011 aaut,
822 2949 867 3010 qai
882 2933 1016 2996 abduceret
1030 2972 1064 2985 —-
1078 2953 1176 3010 patent
1192 2966 1228 2985 .-

194 3030 325 3093 eeliiqrmt.
358 3030 398 3078 Be
415 3028 460 3078 lib.
480 3029 516 3078 tv
533 3026 597 3093 86:
616 3032 686 3093 qaod
702 3029 865 3081 invitabatur
880 3032 1004 3081 theaetris
1019 3031 1133 3081 blandae
1148 3032 1226 3081 eoro-

192 3114 273 3178 pteta'a
290 3113 345 3165 nid.
363 3111 512 3172 hinduiglus
530 3113 556 3161 in
574 3114 633 3163 edit
652 3115 709 3164 libr.
727 3115 758 3165 de
775 3114 871 3165 finibus
888 3116 914 3166 h.
931 3121 958 3166 et
973 3127 1010 3167 m.
1027 3128 1052 3178 p.
1070 3115 1112 3168 56.
1157 3110 1227 3176 Quid

194 3199 311 3249 dicamus
328 3197 360 3246 da
376 3208 416 3260 eo,
432 3198 477 3257 qui
493 3197 670 3260 philosophiae
687 3201 804 3249 repudio
819 3196 881 3265 (tv,
897 3197 944 3262 58)
961 3210 1012 3249 unu
1031 3211 1061 3249 ea
1077 3210 1135 3249 esse
1147 3203 1227 3261 aaut,

194 3294 260 3345 qnae
271 3281 436 3331 adhibeantur
450 3285 535 3330 eontra
547 3281 743 3348 philosophiam,
751 3285 797 3333 sed
811 3295 875 3346 quae
888 3295 903 3333 a
917 3283 1077 3345 philosophia
1086 3283 1228 3332 adhibean-

178 3365 254 3423 -turi
271 3367 315 3416 ant
333 3365 378 3426 qul
392 3365 482 3414 eodem
498 3360 561 3414 iib'ro
573 3360 591 3428 S
601 3365 630 3412 61
645 3365 719 3427 plane
734 3372 820 3418 contra
837 3368 990 3418 sententiam
1008 3367 1107 3418 scribit:
1126 3367 1229 3416 ettam
1254 3408 1262 3424 s

195 3463 243 3501 nee
258 3451 332 3500 moia
347 3450 400 3499 aiat
416 3448 463 3497 itta
475 3468 510 3485 -
522 3461 570 3497 nee
587 3448 675 3499 boae?
697 3450 735 3500 Er
752 3453 822 3517 ⁸libre
847 3452 869 3502 V
886 3451 995 3512 exempti
1012 3452 1069 3502 leco
1087 3451 1122 3500 sit
1139 3447 1162 3527 Sl
1176 3448 1229 3499 aar

87 3597 90 3608 Δ
196 3536 262 3584 itam
278 3536 310 3584 de
327 3533 415 3584 detera
437 3539 507 3582 ocrea
532 3532 622 3598 hebet,
646 3546 712 3597 quaa
728 3541 868 3598 aequatura
893 3546 1004 3600 querum
1023 3534 1230 3598 mephitade'aaam

196 3619 323 3669 breuitate
340 3618 497 3683 oenaointatr,
513 3618 727 3681 longinquitatem
743 3620 854 3670 mutate.
880 3621 968 3681 itaque
985 3630 1083 3680 eornm,
1100 3626 1167 3680 quaa
1184 3623 1231 3668 se·-

196 3703 292 3767 qnitur,
310 3701 457 3763 magnitudo
473 3707 498 3750 ct
515 3702 685 3765 longinquitas
701 3704 807 3754 molesta
825 3709 878 3768 est3
896 3703 955 3764 quta
972 3712 1117 3765 quenquam
1133 3701 1230 3752 tatthns

197 3786 319 3838 remediis
336 3786 375 3834 nti
390 3784 522 3836 crederet?
557 3785 608 3836 sad
625 3787 764 3848 optimate
782 3788 844 3851 flue,
861 3783 927 3849 ets
947 3786 1008 3836 tta:
1034 3787 1105 3849 Quid
1123 3780 1231 3836 tetidem

199 3883 218 3919 a
233 3869 340 3919 Socrate
358 3873 383 3918 at
393 3867 503 3919 Platone
517 3870 639 3932 perfectis
654 3869 811 3933 philosophia
826 3868 976 3933 factendam
992 3871 1083 3919 uides?
1101 3867 1166 3931 Quis
1177 3878 1231 3919 eos

198 3947 364 4017 philosophos
381 3951 499 4015 instruite,
516 3965 581 4015 quos
598 3953 716 4004 Socrates
733 3960 759 4019 ct
775 3955 847 4004 Plato
863 3953 1040 4016 periaeemntl
1064 3954 1166 4003 Desinit
1182 3953 1232 4002 ‹te-

199 4035 276 4098 nique
294 4034 357 4084 iiber
375 4034 415 4082 his
432 4037 531 4086 uerbisx
549 4039 582 4085 ht
599 4051 649 4100 que
667 4043 793 4099 quaenam
811 4037 898 4086 cetaria
911 4032 1046 4100 preferret
1060 4047 1231 4103 aeneasannos

198 4119 277 4183 senile
292 4120 480 4168 diuomm„.·.
496 4120 699 4170 Pulcherrimum
716 4120 869 4182 asyndeton!
1223 4116 1224 4121 ’
