2610 4634
441 275 520 322 ern.
544 263 592 320 lV.
636 275 716 320 cnr.
739 258 874 322 {te-33.
1114 255 1175 321 14‘3
1217 324 1219 328 Α

379 469 458 524 deum
479 469 530 541 qui
549 483 607 523 non
627 484 760 522 vammum
777 472 867 539 potet,

174 569 233 630 Aer
255 572 370 630 stultum
391 579 442 630 cut
461 592 553 630 restem
575 591 631 630 esse
652 576 808 645 imperitum
829 572 985 646 existiman

178 681 232 736 Coi
252 683 283 736 in
303 699 389 736 manu
410 683 456 752 sc,
479 697 558 753 quem
579 697 635 736 cese
656 683 800 736 dmentem
820 681 899 753 uelit,

178 787 266 855 Quen
287 804 393 862 supere,
416 804 494 860 quon
514 791 648 860 inanire,
672 805 751 860 quem
771 791 802 844 in
822 789 948 843 morbum
967 790 1046 861 iaici,

179 892 268 962 Quem
287 899 387 951 contro
408 898 508 967 umeri,
532 910 610 967 quem
630 899 730 968 expeti,
753 912 832 967 quern
854 898 996 951 oroeseier.

133 999 186 1061 69.
210 1001 235 1058 0
258 1003 428 1075 praeclaram
450 1001 663 1058 emendatricem
685 1001 758 1057 uitae
780 1003 925 1075 poeticam,
947 1019 1019 1075 quae
1039 1017 1174 1076 amorem,

132 1109 222 1180 flagiti
243 1115 272 1164 ct
293 1107 411 1165 leuitatis
439 1113 595 1182 auctorem,
628 1107 657 1163 in
685 1108 804 1164 concilio
837 1108 952 1166 deornm
981 1110 1174 1166 collocandum

132 1221 221 1288 putet.
264 1216 307 1271 Dc
328 1213 471 1271 comoedia
493 1215 605 1288 loquor,
628 1230 709 1287 quac,
733 1213 757 1270 si
778 1214 847 1271 haec
869 1215 970 1287 flagitia
993 1233 1048 1271 non
1070 1216 1174 1288 proba-

132 1337 247 1394 remus,
273 1323 351 1378 nutta
381 1327 457 1378 essct
483 1320 606 1380 omnino.
660 1320 735 1388 Quid
761 1312 855 1378 aiter
882 1321 1024 1394 tragoedia
1044 1321 1174 1396 princeps

133 1427 184 1485 ille
205 1423 454 1499 Argonautarum?

138 1564 141 1569 ·
180 1533 224 1590 Tu
243 1552 285 1591 me
306 1538 410 1592 omorio
431 1536 522 1606 mago
544 1551 628 1606 quom
650 1534 767 1590 temris
788 1536 940 1590 ementati
959 1537 1065 1606 pretia.

133 1639 211 1710 Quid
233 1637 323 1713 ergo?
357 1640 401 1696 hic
422 1657 501 1698 amor
522 1640 639 1698 Medeae
661 1647 762 1712 quanta
783 1640 958 1697 miseriarum
979 1641 1108 1698 excitauit
1129 1639 1174 1698 in·

133 1746 249 1807 cendia!
271 1748 363 1821 Atque
385 1765 418 1805 ea
439 1753 531 1803 tamen
552 1748 626 1820 apud
647 1747 733 1804 alium
754 1751 864 1820 poitam
886 1747 957 1821 patri
979 1747 1072 1805 dicere
1093 1748 1176 1805 audet

135 1871 167 1912 sc
188 1853 337 1926 coniugem
359 1853 491 1911 hahuisse

176 1961 272 2033 Illum,
293 1959 378 2016 Amor
396 1978 476 2033 quem
493 1963 614 2033 dederat,
631 1965 681 2034 qui
693 1962 761 2034 plue
774 1963 864 2035 pollet
871 1965 1024 2035 potiorque
1035 1968 1074 2018 est
1081 1968 1174 2035 putre.
1251 1956 1254 1960 ’

219 2067 356 2124 XXXIII.
380 2065 429 2126 70.
459 2066 516 2124 Sed
537 2072 634 2141 potitos
657 2069 753 2125 ludere
775 2069 907 2144 sinamus,
930 2086 1050 2143 quorum
1072 2070 1175 2126 tabulis

134 2173 163 2231 in
184 2174 241 2229 hoc
262 2173 366 2244 flagitio
389 2175 494 2231 uersari
523 2175 614 2245 ipsum
643 2175 771 2231 uidemus
799 2177 905 2232 Iouem.
960 2176 1004 2232 Ad
1025 2177 1173 2247 magistros

134 2279 244 2337 uirtutis
266 2280 450 2353 philosophos
472 2281 634 2354 ueniamus,
663 2280 711 2353 qui
733 2298 857 2338 amorem
878 2286 980 2352 negant
1001 2281 1090 2354 stupri
1112 2299 1174 2338 esse

134 2387 163 2444 ct
182 2387 211 2443 in
235 2389 269 2444 eo
290 2386 398 2460 litigant
418 2404 482 2445 cum
503 2389 626 2460 Epicuro
649 2404 705 2444 non
727 2389 855 2461 multum,
872 2396 903 2445 ut
919 2387 1015 2461 opinio
1031 2406 1093 2446 mea
1109 2388 1173 2462 tert,

133 2493 293 2551 mentiente.
325 2494 396 2563 Quis
419 2502 462 2552 est
482 2494 556 2552 enim
578 2494 630 2551 iste
651 2512 731 2551 amor
751 2493 908 2553 amicitiae?
930 2496 989 2553 Cur
1009 2513 1100 2568 neque
1122 2497 1173 2551 de-

134 2601 255 2657 formem
275 2601 480 2658 adolcscentcm
502 2602 650 2676 quisquam
671 2610 742 2660 amat
764 2620 854 2676 neque
877 2601 1030 2659 formosum
1053 2599 1173 2659 senem?

133 2706 206 2765 Mihi
238 2706 352 2779 quidem
379 2707 447 2764 haec
469 2708 497 2764 in
527 2708 696 2766 Graecorum
723 2709 874 2783 gymnasiis
907 2715 970 2765 nata
1002 2708 1174 2766 consuetudo

134 2815 264 2887 uidetur,
292 2812 321 2870 in
350 2814 453 2887 quibus
474 2814 520 2871 isti
541 2815 622 2872 liberi
644 2823 672 2873 et
692 2816 818 2873 concessi
840 2823 905 2872 sunt
924 2833 1043 2873 amores.
1096 2816 1173 2872 Bene

135 2937 205 2993 ergo
226 2920 350 2977 Ennius:

175 3023 287 3100 Παφίη·
303 3030 476 3101 principium
497 3036 538 3087 est
558 3035 665 3089 aedon
684 3034 757 3088 inter
778 3034 853 3088 dues
875 3048 1007 3104 corpora.

134 3133 189 3204 Qui
212 3141 243 3190 ut
264 3134 334 3207 sint,
357 3137 433 3208 quod
455 3137 516 3194 fleri
538 3156 621 3211 posse
643 3138 744 3213 uideo,
766 3139 877 3213 pudici,
900 3139 1011 3196 solliciti
1033 3145 1123 3195 tamen
1146 3145 1173 3196 ct

133 3240 210 3298 auxii
231 3247 296 3299 sunt
323 3259 414 3316 eoque
441 3243 547 3318 magn,
576 3245 652 3318 quod
681 3262 711 3301 se
738 3245 792 3317 ipsi
819 3246 961 3302 continent
982 3253 1009 3303 et
1033 3249 1173 3302 coircent.

133 3345 185 3405 71.
214 3349 307 3421 Atque
328 3356 360 3406 ut
385 3350 536 3407 muliebres
559 3368 668 3408 amores
690 3352 833 3425 omittam,
856 3353 958 3424 quibus
979 3351 1114 3408 maiorem
1136 3351 1171 3406 li-

133 3453 252 3511 centiam
273 3461 369 3512 natura
390 3456 541 3529 concessit,
570 3456 632 3530 quis
654 3462 701 3512 ant
721 3458 756 3515 dc
779 3457 931 3530 Ganymedi
953 3464 1032 3530 raptu
1054 3457 1171 3530 dubitat,

133 3559 202 3634 quid
223 3564 322 3636 potitae
342 3562 441 3638 uelint,
463 3570 588 3623 autnon
608 3563 753 3639 intelligit,
775 3563 843 3638 quid
864 3564 938 3638 apud
959 3562 1123 3638 Euripidem
1144 3569 1173 3622 et

203 3871 346 3938 existimat)
364 3873 500 3923 existumet
516 3873 570 3924 ΒΡ.
606 3874 763 3937 dementem)
782 3876 899 3926 demente
916 3876 948 3927 It.
982 3874 1109 3939 insanIre)
1126 3889 1173 3926 sa-

132 3955 188 4004 nari
206 3955 238 4006 0.
274 3957 412 4017 arcessier)
431 3959 548 4008 arcessiri
566 3959 597 4008 n.
632 3960 752 4009 accesstri
770 3962 800 4009 P.
834 3959 877 4008 69.
895 3960 1024 4024 amorem)
1044 3962 1171 4011 amorelt.

133 4041 261 4102 concilio)
289 4042 397 4094 consitio
413 4042 443 4092 P.
483 4042 552 4103 oon)
570 4057 618 4094 nos
634 4044 687 4093 ΗΡ.
731 4045 879 4110 seruauisti)
905 4045 1094 4097 seruastiltt’.
1129 4046 1175 4109 se)

133 4124 180 4175 scd
199 4125 255 4181 ΒΡ.
