2610 4634
433 302 509 350 cro.
531 290 583 348 ltt.
625 303 708 348 car.
729 288 865 350 30-31.
1108 288 1168 350 109

129 501 270 571 leuantur,
292 495 347 569 ipsi
372 492 512 550 miseriam
531 491 659 565 inuitant,
681 500 708 550 et
728 493 778 566 qui
798 510 865 551 suos
881 510 962 551 casus
977 493 1057 550 aliter
1066 494 1168 567 lerunt,

129 613 213 678 atque
235 610 266 660 ut
287 609 414 660 auctores
435 598 497 657 aliis
518 598 573 671 ipsi
594 599 717 669 inerunt,
738 616 794 656 non
816 607 880 657 sunt
906 601 1064 657 uitiosiores
1086 618 1169 673 quiam

130 713 191 770 lere
213 709 352 783 plerique,
374 706 422 780 qui
444 706 520 763 anari
541 722 651 779 auarus,
674 707 780 778 gloriae
802 707 917 779 cupidos
940 707 1056 778 gloriosi
1072 725 1168 780 repre·

129 820 274 890 bendum,
306 821 350 872 est
376 814 452 870 enim
478 811 623 885 proprium
652 814 782 870 stultitiae
809 814 929 871 aliorum
955 813 1023 870 uitia
1044 831 1168 885 eernere,

130 925 262 982 obliuisci
284 937 407 980 suornm.
450 918 502 978 at.
531 919 589 975 Sed
616 921 746 977 nimirum
775 923 829 978 boc
848 922 999 978 maximum
1020 928 1063 977 est
1083 939 1169 994 expo-

130 1033 291 1103 rimentum,
314 1044 401 1101 quum
421 1032 528 1083 constet
548 1026 749 1097 aegritudinem
772 1035 904 1084 uetustate
924 1029 996 1101 tolli,
1019 1030 1090 1085 banc
1111 1029 1170 1085 uim

128 1156 187 1196 uon
210 1154 273 1194 esse
294 1136 324 1193 in
344 1135 391 1191 die
412 1133 540 1207 positam,
563 1135 614 1190 sed
633 1135 663 1189 in
684 1133 850 1204 cogitatione
872 1134 1008 1192 diuturna.
1051 1136 1169 1193 tiamsi

130 1247 230 1302 eadem
251 1261 296 1300 res
318 1249 371 1306 est.
394 1251 422 1300 et
442 1243 518 1298 idem
538 1247 581 1298 est
602 1242 704 1312 bomo,
722 1241 771 1313 qui
786 1247 877 1313 potest
893 1242 1041 1314 quiequam
1059 1244 1095 1299 de
1116 1245 1169 1300 do·

129 1354 192 1409 lore
208 1350 318 1424 mutari,
338 1350 365 1407 si
386 1366 477 1422 neque
494 1350 529 1405 de
551 1366 596 1420 eo,
619 1353 732 1420 propter
753 1348 829 1420 quod
851 1348 936 1418 dolet,
959 1349 1106 1422 quicpuam
1128 1359 1171 1408 est

129 1463 266 1516 mutatum
291 1474 383 1530 neque
409 1457 445 1513 de
471 1474 523 1529 eo,
553 1455 601 1528 qui
627 1450 728 1511 dolet?
760 1453 896 1524 Cogitatio
924 1454 1009 1526 igitur
1029 1456 1168 1532 diuturna,

130 1564 201 1623 nibil
223 1581 285 1622 esse
306 1565 336 1620 in
356 1582 388 1621 re
408 1563 485 1636 mali,
507 1563 600 1619 dolori
622 1563 758 1634 medetur,
780 1576 837 1616 non
860 1560 921 1633 ipsa
942 1561 1114 1621 diuturnitas.

216 1672 326 1728 xxxi.
354 1671 409 1727 llic
429 1669 497 1726 mibi
520 1672 636 1738 atterunt
656 1668 870 1740 mediocritates,
892 1668 1009 1741 quaesi
1031 1672 1169 1729 naturales

130 1785 213 1851 sunt,
235 1777 303 1851 quid
324 1794 395 1849 opus
418 1785 460 1834 est
481 1776 671 1833 consolatione
700 1773 814 1850 (natura
835 1776 909 1831 enim
931 1776 992 1847 ipsa
1012 1777 1170 1835 terminabit

129 1885 279 1958 nimum),
312 1884 356 1940 sin
383 1884 554 1957 opinabiles,
584 1883 680 1955 opinio
707 1888 764 1938 tota
792 1884 911 1939 tollatur.
966 1883 1038 1941 Satis
1066 1885 1169 1942 dictum

130 2008 195 2048 esse
217 1991 351 2062 arbitror,
374 1989 576 2064 aegritudinem
598 2007 660 2047 esse
682 1989 843 2061 opinionem
863 1990 929 2046 mali
950 1993 1116 2065 praesentis,
1139 1995 1169 2051 in

129 2115 188 2172 qua
210 2097 343 2170 opinione
363 2096 435 2154 illud
460 2098 541 2170 insit,
573 2105 605 2154 ut
633 2097 835 2168 aegritudinem
864 2097 1005 2169 suscipere
1034 2107 1168 2171 oporteat.

129 2202 182 2264 75ss
193 2205 312 2261 Additur
332 2205 367 2261 ad
388 2206 460 2261 banc
480 2203 669 2269 definitionem
686 2205 825 2259 aZenone
846 2209 930 2276 reete,
952 2209 982 2260 ut
1002 2205 1050 2261 illa
1072 2205 1168 2278 opinio

128 2310 284 2384 praesentis
305 2310 372 2368 mali
394 2311 430 2367 sit
450 2328 556 2368 recens.
611 2311 674 2367 Hoc
702 2315 793 2366 autem
820 2310 938 2367 uerbum
966 2311 1005 2368 sie
1032 2311 1168 2384 iuterpre-

130 2424 238 2491 tantur,
270 2425 302 2474 ut
327 2435 384 2474 non
410 2422 516 2474 tantum
536 2418 607 2475 illud
635 2433 731 2473 recens
754 2433 816 2473 esse
839 2417 943 2491 uelint,
977 2419 1051 2491 quod
1074 2420 1169 2491 paullo

130 2532 195 2582 ante
216 2525 361 2597 acciderit,
384 2525 434 2580 sed
456 2540 539 2596 quam
561 2525 610 2581 din
631 2523 660 2580 in
682 2524 732 2581 illo
755 2523 866 2596 opinato
887 2526 961 2580 malo
979 2525 1022 2580 uis
1033 2526 1169 2597 quaedam

130 2632 207 2705 insit,
229 2639 260 2688 ut
279 2632 373 2704 uigeat
394 2639 421 2689 et
441 2632 540 2687 babeat
560 2632 698 2704 quandam
719 2630 903 2704 uiriditatem,
926 2637 981 2687 tam
1003 2631 1050 2687 diu
1071 2634 1168 2704 appel-

130 2742 205 2797 letur
226 2750 332 2796 recens.
378 2741 413 2796 Ut
433 2737 580 2794 Artemisia
602 2738 666 2812 illa,
695 2737 831 2810 Mausoli,
854 2737 951 2794 Cariae
972 2738 1064 2812 regis,
1087 2756 1168 2813 uxor,

131 2852 205 2920 quae
226 2846 321 2903 nobile
342 2846 414 2902 illud
434 2844 622 2901 Halicarnassi
644 2843 710 2900 fecit
731 2845 905 2917 sepulcrum,
934 2845 1067 2917 quamdiu
1089 2845 1168 2920 uixit,

130 2954 202 3012 uixit
224 2953 253 3009 iu
275 2955 359 3026 luctu,
383 2954 537 3024 eodemque
560 2951 641 3007 etiam
663 2951 787 3008 conlecta
817 2950 965 3008 contabuit
1008 2952 1084 3009 Huic
1111 2960 1169 3010 erat

130 3061 179 3118 illa
201 3060 296 3133 opinio
318 3059 441 3132 quotidie
463 3075 577 3132 recens,
612 3075 682 3131 quae
714 3065 772 3115 turn
793 3059 914 3132 denique
936 3076 992 3138 uon
1014 3062 1169 3133 appellatur

130 3184 241 3240 recens,
264 3183 351 3240 quum
372 3172 508 3224 uetustate
530 3166 645 3223 exaruit.

216 3276 294 3332 Haec
315 3274 399 3345 igitur
426 3272 518 3330 officia
547 3279 611 3329 sunt
638 3273 858 3346 consolantium,
885 3275 983 3330 tollere
1016 3274 1167 3346 aegritudi-

129 3400 197 3441 nem
229 3382 353 3439 furrditus
385 3383 437 3437 aut
462 3380 559 3436 sedare
588 3385 634 3436 aut
661 3380 805 3436 detrahere
837 3391 933 3452 quam'
949 3380 1100 3452 plurimum
1121 3388 1168 3438 aut

130 3489 307 3563 supprimere
338 3505 390 3545 neo
420 3486 477 3561 pati
510 3499 622 3544 manare
651 3487 762 3558 longius
791 3493 837 3543 aut
866 3487 899 3542 ad
928 3486 980 3543 alia
1014 3487 1167 3545 traducere.

130 3641 433 3658 -ς--ι--ι-ῠ

175 3705 346 3782 miseriam)
365 3725 397 3773 ad
415 3723 475 3773 mis.
493 3724 548 3773 ΒΡ.
583 3725 729 3775 adsumis
757 3724 787 3773 0.
822 3722 865 3773 74.
883 3723 1103 3789 experimentum)
1121 3739 1168 3776 er-

129 3808 295 3870 primendum
321 3808 375 3857 ltP.
419 3807 620 3874 aegritudinem)
646 3810 802 3871 aegritudine
828 3808 882 3857 tir.
927 3807 1002 3872 tolli)
1028 3811 1093 3860 tollit
1113 3811 1166 3863 ΒΡ.

129 3890 263 3956 diuturna)
281 3893 371 3942 diurna
389 3893 442 3942 ΒΡ.
469 3892 542 3957 (bis)
578 3891 683 3958 uadem)
703 3899 728 3943 ct
745 3896 833 3943 eadem
843 3892 875 3942 0.
912 3894 1078 3960 diuturnitas)
1094 3896 1169 3946 diur-

129 3977 198 4029 nitas
215 3977 259 4041 1³„
275 3978 321 4026 red
338 3991 404 4026 corr.
421 3979 450 4026 tn
466 3979 577 4027 diuturn.
596 3979 646 4026 Hic
664 3979 726 4027 mibi
745 3976 868 4042 atterunt)
894 3980 928 4027 ar
951 3981 998 4030 bac
1020 3981 1082 4030 mibi
1101 3984 1168 4032 atio-

129 4069 215 4113 renter
232 4062 299 4112 Noa.
315 4075 343 4124 p.
360 4059 410 4112 2⁹.
428 4062 635 4126 mediocritates)
653 4063 815 4112 mediocritas
832 4063 885 4116 ltP.
919 4064 960 4114 rb.
979 4066 1167 4131 llolicarnasal)

128 4146 274 4200 Alicarnasi
292 4147 346 4200 ur.
388 4147 542 4214 appellatur)
567 4147 743 4212 appellabatur
764 4147 816 4198 ltP.
