2610 4634
390 302 463 348 nin.
487 291 536 346 nr.
590 301 675 347 car.
703 289 790 347 1—2.
984 245 986 250 Ι
1062 293 1101 352 79

69 503 152 568 atque
175 493 241 549 editi
263 492 291 548 in
315 495 405 549 lucem
427 498 454 548 et
475 493 594 564 suscepti
618 508 723 561 sumus,
743 491 862 547 inomni
885 494 1014 549 continuo
1037 513 1100 567 pra·

49 601 152 658 uitato
175 600 251 657 etin
274 616 381 655 summa
403 599 564 671 opinionum
587 598 767 671 peruersitate
789 617 940 670 uersamur,
964 608 993 657 ut
1015 620 1101 674 paene

68 725 132 764 eum
154 709 223 762 lacte
245 705 358 761 nutricis
381 723 504 763 errorem
526 706 634 762 suxisse
655 705 808 761 uideamur.
848 707 940 772 Quum
962 726 1029 763 uero
1051 726 1101 780 pa·

68 814 193 870 rentibus
216 811 331 883 redditi,
365 811 428 867 dein
450 812 589 882 magistris
618 812 708 867 traditi
736 829 847 885 sumus,
879 821 936 870 tum
959 814 995 870 ita
1018 816 1105 871 uariis

67 920 219 976 imbuimur
240 917 397 991 erroribus,
424 925 454 974 ut
476 919 586 974 uanitati
607 918 709 975 ueritas
732 926 759 976 et
780 919 904 991 opinioni
926 921 1101 978 confirmatae
1147 895 1151 902 ,

67 1033 165 1084 natura
187 1025 246 1097 ipsa
269 1025 354 1080 cedat.
405 1025 441 1082 ll.
473 1023 501 1083 3.
531 1027 673 1082 Accedunt
700 1026 782 1081 etiam
805 1030 917 1099 poetae,
946 1029 992 1100 qui
1015 1045 1101 1100 quum

67 1150 194 1204 magnam
218 1131 338 1204 speciem
361 1131 501 1188 doctrinae
523 1132 728 1205 sapientiaeque
750 1150 816 1204 prae
839 1151 868 1188 sc
891 1123 1027 1208 tulerunt,
1050 1154 1100 1192 au·

66 1241 195 1311 diuntur,
224 1239 369 1309 leguntur,
398 1239 557 1294 ediscuntur
579 1246 605 1294 et
627 1237 818 1295 inhaerescunt
839 1241 948 1311 penitus
970 1243 998 1298 in
1021 1261 1100 1298 men·

65 1347 149 1403 tibus.
205 1347 295 1415 Quum
329 1362 397 1401 uero
429 1344 544 1402 accessit
576 1347 676 1401 eodem
708 1347 802 1421 quasi·
820 1347 954 1403 maximus
987 1349 1099 1420 qnidam

65 1452 197 1523 magister
224 1455 345 1524 populns
372 1459 452 1524 atque
486 1453 577 1508 omnis
605 1453 727 1524 undique
759 1453 794 1507 ad
826 1452 892 1508 uitia
924 1457 1099 1511 consentiens

15 1584 16 1589 ¹
66 1540 222 1632 multitudo,
245 1565 302 1615 tum
325 1560 406 1631 plane
428 1558 566 1615 inficimur
584 1559 745 1631 opinionum
762 1561 894 1630 prauitatc
913 1579 928 1616 a
950 1567 1099 1636 naturaque

66 1666 257 1740 desciscimus,
280 1672 310 1721 ut
331 1665 412 1721 nohis
436 1665 538 1738 optime
556 1673 667 1723 naturae
685 1667 742 1722 uim
756 1666 859 1722 uidisse
877 1667 1030 1739 uideantur,
1050 1669 1098 1742 qui

65 1774 133 1832 nihil
155 1772 255 1828 melius
277 1772 393 1845 homini,
416 1772 485 1829 nihil
507 1773 595 1844 magis
612 1774 806 1847 expetendum,
827 1773 895 1829 nihil
918 1778 1099 1846 praestantius

64 1879 234 1953 honoribus,
263 1879 401 1952 imperiis,
430 1861 557 1950 populari
581 1881 668 1951 gloria
697 1880 896 1938 iudicauerunt.
950 1883 993 1938 Ad
1016 1900 1099 1955 quam

64 1986 152 2042 fertur
173 1985 293 2057 optimus
316 1985 450 2058 quisque,
479 2002 630 2058 ueramque
658 1986 734 2042 illam
762 1988 934 2044 honestatem
956 1997 1098 2061 expetens,

65 2110 146 2166 quam
163 2110 246 2148 unam
264 2099 359 2148 natura
376 2091 495 2148 maxime
509 2088 642 2164 anquirit,
660 2091 688 2148 in
708 2111 814 2150 summa
832 2094 960 2150 inanitate
973 2104 1098 2153 uersatur

64 2207 291 2272 consectaturque
326 2201 431 2255 nullam
458 2199 624 2254 eminentem
654 2199 791 2271 effigiem,
826 2203 876 2256 sed
908 2203 1097 2259 adumbratam

63 2306 212 2378 imaginem
244 2306 359 2378 gloriae.
413 2307 465 2361 Est
497 2305 571 2360 enim
601 2304 689 2375 gloria
717 2306 806 2363 solida
833 2309 969 2380 quaedam
997 2326 1040 2365 ros
1069 2315 1096 2364 et

63 2431 205 2486 expressa,
228 2431 284 2470 non
306 2413 481 2484 adumbrata3
504 2429 536 2467 ca
559 2417 601 2467 est
623 2414 797 2471 consentiens
815 2416 873 2471 laus
892 2416 1038 2488 honorum,
1051 2415 1096 2472 iu-

63 2528 189 2592 eorrupta
211 2538 267 2598 uox
288 2520 359 2576 hene
382 2493 561 2574 iudicantium
583 2520 617 2574 de
640 2520 791 2576 excellente
813 2521 930 2591 uirtutc;
949 2540 981 2577 ea
1003 2523 1097 2580 uirtuti

62 2634 173 2683 resonat
193 2633 322 2699 tanquam
343 2625 444 2695 imago.
495 2627 572 2694 Quae
595 2625 658 2697 qnia
680 2632 753 2681 recte
776 2625 909 2682 factorum
931 2629 1096 2702 plerumque

61 2750 154 2789 eomes
183 2741 239 2807 est,
270 2749 327 2788 non
354 2739 396 2818 est
420 2732 501 2788 bonis
529 2732 595 2788 uiris
629 2731 808 2804 repudianda.
862 2733 892 2791 4.
919 2736 970 2790 llla
992 2742 1094 2807 autem,

61 2857 132 2914 quae
155 2857 185 2896 se
207 2840 266 2896 eins
288 2837 462 2896 imitatricem
485 2855 546 2895 csse
570 2840 645 2911 uult,
668 2840 811 2896 temeraria
834 2847 914 2914 atque
937 2840 1094 2910 inconside-

60 2953 117 3002 rata
140 2947 351 3019 etplerumqne
374 2953 549 3018 peccatorum
570 2945 758 3019 uitiorumque
786 2948 920 3004 laudatrix
948 2947 1019 3003 fama
1042 2965 1095 3020 po·

60 3053 164 3124 putaris
192 3052 367 3109 simulatione
395 3051 545 3109 honestatis
574 3051 691 3109 formam
720 3054 779 3110 eius
807 3054 1095 3128 pulchritudinemque

59 3160 218 3231 corrumpit.
250 3160 313 3228 Qua
335 3161 462 3222 caecitate
483 3159 620 3230 homines,
643 3176 730 3232 quum
751 3162 989 3232 quaedametiam
1010 3179 1094 3234 prae-

59 3269 131 3322 clara
154 3274 285 3338 cuperent
308 3266 393 3348 eaque
415 3265 563 3338 nescirent,
586 3283 637 3322 nec
662 3266 710 3321 uhi
732 3284 783 3322 nee
799 3267 891 3339 qualia
909 3275 1009 3340 essent,
1030 3269 1093 3323 lun-

58 3374 130 3428 ditus
153 3373 198 3429 alii
222 3380 380 3429 auerterunt
401 3389 465 3429 suas
487 3371 621 3443 ciuitates,
645 3371 692 3426 alii
714 3373 767 3443 ipsi
791 3375 957 3430 occiderunt.
1003 3375 1093 3444 Atque

58 3479 77 3534 ii
109 3480 222 3552 quidem
246 3480 348 3551 optima
369 3485 493 3550 petentes
523 3496 578 3533 non
608 3485 662 3534 tam
690 3480 850 3552 uoluntate,
883 3496 972 3552 qnam,
994 3496 1093 3534 cursus

79 3738 84 3746 ·
125 3711 150 3760 in
170 3715 280 3772 summa)
299 3725 399 3763 summa
417 3715 448 3764 P.
482 3716 583 3775 redditi,
601 3713 672 3773 dein)
692 3715 816 3765 redditide
833 3715 885 3767 nt).
919 3715 1091 3773 confirmatae)

55 3797 201 3844 confirmata
220 3797 271 3845 ΒΡ.
309 3797 334 3845 3.
353 3798 477 3861 tulerunt)
502 3801 617 3848 euterunt
634 3799 661 3847 P.
697 3798 818 3864 accessit)
838 3814 886 3847 om.
905 3799 957 3852 RP.
993 3799 1092 3846 accedit

55 3879 87 3929 Ο.
123 3879 233 3942 optime)
251 3882 323 3929 uncis
341 3881 473 3931 inciaco.
509 3889 612 3931 naturae
631 3884 683 3931 uim
702 3883 814 3948 uidisse)
832 3891 945 3933 naturam
965 3883 1089 3932 inuidisse
1161 3903 1164 3911 ·

56 3962 146 4013 neo..
177 3964 268 4028 unam)
287 3979 335 4014 una
356 3967 407 4012 RP.
446 3951 568 4026 anquirit>
595 3968 698 4026 inquirit
716 3966 791 4016 RPO.
828 3964 953 4030 effigiem]
972 3969 1015 4017 etl.
1034 3969 1091 4015 nir-

55 4047 180 4096 tntisltP.
203 4050 258 4098 eti.
279 4049 449 4114 [rrirtutisJO.
477 4051 575 4113 imago)
594 4052 677 4112 imago
695 4052 780 4113 gloria:
798 4053 851 4102 ΗΡ.
887 4053 912 4100 4.
932 4050 1091 4113 euenerunt)

55 4137 197 4182 euerterent
214 4133 266 4182 RP.
308 4135 324 4182 ii
344 4134 463 4198 quidem)
483 4136 508 4184 hi
527 4149 551 4196 q.
570 4135 648 4185 ΠΡΟ.
735 4131 737 4136 ’
