2610 4634
404 288 484 336 urs.
505 277 529 336 1.
571 288 654 337 une.
674 272 811 337 27-28.
1080 250 1123 339 27

79 497 199 556 remque
218 479 308 555 coeli3
334 478 401 538 dein
433 478 624 538 conuersionis
651 479 819 538 celeritatem
846 483 963 552 tantam,
991 485 1121 555 quantam

80 590 205 663 cogitare
235 604 294 646 non
325 601 493 663 possumus3
530 592 589 644 tum
622 585 827 644 uicissitudines
860 587 970 645 dierum
1004 604 1036 644 ae
1069 604 1122 644 no·

81 697 168 755 etium
193 694 478 768 commutationesque
504 700 662 767 temporum
682 693 902 767 quadrupertitas
924 695 959 752 ad
980 694 1121 752 maturita-
1149 679 1153 683 ’

81 812 140 863 tem
166 803 280 875 tragum
308 809 335 859 et
362 802 397 858 ad
424 800 651 875 temperationem
678 817 828 874 corporum
861 807 937 876 aptes
970 818 1123 875 eorumque

82 911 208 969 omnium
229 909 434 966 moderatorem
456 915 483 967 et
503 909 603 966 ducem
624 910 713 965 solem
741 911 891 983 lunamque
919 909 1073 967 accretione
1094 915 1124 967 et

82 1016 272 1076 deminutione
293 1016 406 1074 luminis
428 1015 507 1090 quasi
528 1017 662 1074 fastorum
683 1009 859 1093 †uotantem
876 1024 903 1074 et
923 1016 1125 1089 significantem

82 1127 161 1200 dies;
182 1106 241 1182 tum
262 1123 291 1181 in
313 1124 413 1182 eodem
434 1124 502 1180 orbe
522 1123 552 1180 in
570 1123 717 1180 duodecim
734 1131 825 1197 partes
842 1124 1125 1198 distributoquinque

84 1234 179 1293 stellas
200 1230 270 1289 ferri
291 1231 406 1289 eosdem
427 1247 524 1289 cursus
551 1231 771 1289 constantissime
798 1237 939 1290 seruantes
968 1231 1124 1304 disparibus

83 1341 157 1399 inter
177 1357 209 1397 se
232 1338 354 1396 motibus
370 1344 587 1412 nocturnamque
608 1338 679 1395 coeli
700 1338 819 1396 formam
839 1340 965 1413 undique
986 1338 1125 1396 sideribus

84 1454 226 1522 ornatam3
247 1451 306 1502 tum
327 1446 443 1517 globum
457 1450 548 1504 terrae
566 1445 731 1502 eminentem
754 1463 769 1503 e
791 1447 870 1519 mari,
888 1448 973 1504 lixum
990 1446 1019 1502 in
1031 1445 1125 1503 medio

84 1554 182 1614 mundi
214 1553 340 1611 uniuersi
368 1554 448 1627 loeo,
479 1553 587 1610 duabus
614 1553 672 1610 oris
701 1552 863 1611 distardbus
892 1551 1071 1610 habitabilem
1098 1556 1126 1609 et

85 1664 201 1736 cultum,
223 1676 340 1735 quarum
361 1661 457 1734 altera,
479 1677 563 1733 quam
584 1677 636 1718 nos
658 1659 815 1735 incolimus,

170 1767 229 1824 Sub
251 1784 304 1824 cue
320 1770 420 1840 posito
441 1769 478 1824 ud
499 1768 593 1825 stellru
615 1773 724 1844 septem,
746 1770 818 1824 unde
838 1768 961 1844 horrifer

169 1872 318 1949 Aquilonis
339 1877 445 1932 stridor
465 1875 573 1947 gelidus
594 1876 708 1932 molitur
729 1878 823 1950 uiues,

86 1985 173 2042 altera
193 1982 320 2039 australis
340 1981 433 2054 ignota
461 1981 560 2058 nobis,
587 1999 671 2056 quam
698 1989 799 2040 uocant
825 1981 923 2040 Graeci
946 1962 1124 2058 οἷνΰίχθονας

87 2088 138 2153 69.
159 2096 265 2148 celeras
287 2094 379 2162 partes
400 2089 528 2165 incultas,
550 2091 627 2164 quod
648 2097 695 2146 aut
718 2090 824 2162 frigore
845 2090 953 2161 rigeant
974 2093 1022 2145 aut
1042 2104 1125 2144 uran-

87 2206 133 2257 tur
153 2199 261 2272 calore3
282 2196 328 2254 bic
344 2202 445 2272 autem,
469 2197 518 2254 ubi
534 2197 698 2272 habitamus,
710 2214 766 2253 non
778 2195 931 2255 intermittit
940 2211 992 2253 suo
1003 2202 1127 2268 tempore

172 2305 283 2363 Coelum
303 2307 440 2378 nitescere,
464 2307 576 2362 arbores
597 2307 779 2380 frondescere,

174 2412 248 2470 iliter
271 2412 404 2484 benficus
419 2415 563 2485 pampinis
580 2414 737 2486 pubescere,

172 2521 256 2576 Romi
276 2520 408 2575 buturum
428 2521 552 2577 ubertate
572 2523 769 2583 iucuruescere,

173 2626 282 2699 Segetes
305 2626 409 2699 largiri
428 2628 535 2701 fruges,
556 2630 654 2700 florere
675 2629 780 2699 omniu,

172 2734 275 2791 Fontes
297 2739 409 2809 scabre,
431 2735 522 2792 lembis
539 2741 629 2808 pratu
650 2735 847 2804 coementem

88 2848 148 2900 tum
176 2840 381 2898 multitudinem
408 2842 547 2914 pecudum
574 2840 674 2914 partim
700 2841 734 2898 ad
763 2839 948 2912 uescendum,
970 2837 1070 2911 partim
1092 2837 1128 2896 ad

88 2950 178 3008 cultus
200 2965 342 3021 agrorum,
364 2948 463 3022 partim
485 2948 715 3025 aduehendum,
743 2948 843 3023 partim
871 2947 906 3005 ad
931 2961 1049 3018 corpora
1077 2963 1127 3002 uc·

88 3057 206 3129 eticnda,
226 3054 424 3129 hominemque
441 3056 533 3128 ipsum
551 3057 630 3130 quasi
647 3057 889 3129 contemplatorem
911 3053 983 3110 coeli
1005 3071 1037 3111 ac
1058 3053 1128 3110 deo-

88 3181 152 3223 rum
173 3179 327 3235 corumque
349 3163 482 3220 cultorem
504 3168 587 3237 atquc
607 3162 729 3220 bominis
751 3159 861 3216 utilitati
882 3177 965 3233 agros
987 3177 1084 3218 omnes
1100 3165 1130 3217 et

88 3271 176 3330 maria
203 3269 344 3345 parentia3
377 3267 427 3328 70.
443 3266 525 3327 'baec
551 3270 637 3343 igitur
668 3277 695 3328 et
721 3269 775 3328 alia
802 3267 1015 3327 innumerabilia
1042 3283 1129 3340 quum

88 3379 239 3454 cernimus,
259 3394 444 3449 possumusne
465 3377 602 3449 dubitare,
625 3376 693 3451 quin
713 3376 748 3435 iis
770 3376 875 3450 praesit
894 3375 996 3448 aliquis
1020 3375 1064 3431 uel
1086 3372 1128 3430 et‘·

89 3476 194 3561 lector,
222 3486 246 3543 si
269 3485 338 3542 baec
358 3490 420 3543 nats
441 3491 520 3560 sunt,
548 3491 580 3542 ut
600 3483 708 3542 Platoni
729 3484 856 3557 uidetur,
885 3483 949 3556 uel,
972 3481 996 3538 si
1018 3495 1129 3551 semper

88 3594 211 3667 inerunt,
233 3599 263 3650 ut
284 3592 426 3650 Aristoteli
447 3593 547 3667 placet,
570 3593 728 3649 moderator
743 3589 810 3646 tanti
829 3589 922 3662 operis
939 3594 966 3646 et
983 3583 1130 3644 muneris?

157 3730 200 3780 68.
219 3726 292 3792 dein)
310 3729 402 3780 deinde
413 3727 445 3778 0.
480 3726 696 3792 quadrupertitas)
714 3724 908 3788 quadripartitos
919 3722 951 3774 0.
968 3720 1129 3787 †notantem

89 3819 116 3865 et
132 3811 336 3877 significantem)
359 3815 414 3864 sine
430 3819 495 3863 noto
509 3818 626 3893 ‚campa
645 3813 677 3862 ll.
712 3811 779 3862 notis
797 3811 938 3871 signantem
958 3806 990 3862 Ο.
1025 3813 1130 3860 noctur-

89 3899 215 3964 namque)
232 3905 404 3960 nocturnaque
421 3897 454 3947 li.
495 3877 675 3961 bertigisilo)
693 3897 825 3946 antixoona
852 3893 885 3943 li.
920 3893 963 3944 69.
990 3892 1129 3958 laetificae)

89 3983 269 4037 laetificarell.
304 3981 496 4047 incurueseere)
514 3983 684 4033 incuruiseerc
701 3981 768 4031 Non.
784 3994 812 4043 p.
831 3977 894 4029 122.
922 3977 1064 4042 pecudum)
1081 3990 1129 4041 pe-

90 4082 179 4121 corum
197 4069 229 4119 ll.
256 4082 290 4119 ea
307 4068 363 4118 coil.
383 4067 450 4118 (ἕνα.
466 4068 507 4117 sil.
551 4063 708 4132 eurumque)
732 4078 820 4118 eorum
837 4065 870 4115 li.
908 4065 1074 4128 ipsorumque
1093 4061 1126 4112 Ο.

88 4154 134 4207 70.
151 4155 185 4206 ils
201 4151 311 4218 praesit)
327 4153 368 4205 bis
386 4167 411 4216 p.
429 4150 486 4207 ΒΟ.
522 4149 638 4215 morunt)
656 4150 750 4203 luerint
768 4151 800 4203 n.
818 4164 852 4203 eu
870 4150 925 4201 coll.
944 4149 1010 4200 Gud.
1027 4148 1067 4198 sil.
