2610 4634
481 1123 819 1244 lllllnllt.

548 1407 748 1424 ——m

132 1593 242 1714 Quod
266 1629 296 1687 in
318 1632 456 1688 ueterum
481 1627 662 1705 scriptorum
684 1625 824 1706 operibus
843 1627 965 1687 odendis
981 1645 1086 1706 magna
1102 1627 1170 1690 cum
1200 1617 1201 1621 ¹

131 1745 260 1805 utilitate
281 1745 346 1804 fieri
369 1725 466 1825 solctj
479 1750 513 1806 ut
535 1745 695 1822 exploratis
713 1744 1170 1807 codiclrmrationibusfamiliae

131 1880 245 1937 eorum,
269 1880 343 1940 qnas
364 1863 502 1945 dicimus,
525 1864 748 1940 distinguantur
768 1868 801 1930 et?
820 1863 905 1943 quasi
921 1868 1078 1925 stemmata
1098 1854 1170 1943 pro-

130 1984 295 2058 ponantur,
328 1981 358 2040 id
388 1983 417 2040 in
446 1980 621 2042 Tusculanis
649 1981 896 2060 disputationibus
928 1981 1008 2042 baud
1035 1983 1099 2042 scio
1131 1997 1168 2041 an

131 2096 195 2156 fieri
219 2103 356 2174 nequeat.
390 2097 464 2158 Nam
487 2101 544 2159 etsi
566 2099 652 2160 facilc
673 2103 728 2160 cst
741 2101 920 2178 discernere,
944 2100 1064 2176 quinam
1085 2099 1170 2160 codi-

131 2232 181 2274 ces
203 2215 341 2276 meliores
363 2219 434 2294 sint,
461 2201 779 2295 quinamdcterioreu
802 2222 901 2278 tamen
923 2218 1072 2294 quomodo
1093 2215 1171 2277 alter

131 2332 167 2391 ab
190 2331 284 2392 altero
306 2335 447 2413 pendeat,
477 2336 599 2415 quique,
629 2336 733 2395 ut-ita
755 2337 861 2417 dicam,
883 2338 983 2415 patres
1005 2336 1067 2395 sint
1086 2338 1202 2396 ceto·¹

63 2522 74 2530 v
131 2467 243 2528 rorum,
266 2450 304 2510 ob
329 2471 395 2512 eam
419 2471 539 2514 causam
560 2452 677 2512 deliniri
699 2455 752 2512 uix
772 2455 891 2530 poterit,
914 2453 992 2529 quod
1015 2454 1169 2530 grauiores

132 2567 373 2645 interpolationes
395 2573 446 2629 aut
468 2569 607 2647 lacunae,
632 2587 709 2645 quac
730 2574 892 2646 uocantur,
921 2570 952 2628 in
974 2569 1112 2629 omnibus
1133 2565 1178 2628 li-'

130 2684 192 2744 bris
221 2687 432 2765 inueniuntur,
461 2688 592 2746 minores
622 2690 721 2746 autem
749 2686 936 2764 corruptelae
965 2690 997 2746 et
1022 2685 1171 2762 apertiora

132 2802 310 2879 glossemata
332 2805 420 2864 modu
443 2805 472 2865 in
496 2805 553 2885 bis,
577 2805 664 2865 modo
686 2807 716 2865 in
735 2805 810 2881 illis3
832 2808 923 2881 atque
944 2803 1024 2864 baud
1046 2804 1109 2864 scio
1131 2820 1168 2865 an

132 2920 213 2980 nulla
234 2921 389 2982 muliorum
412 2923 547 2983 codicum
569 2925 717 3015 scriptura
739 2924 867 2983 inueniri
884 2925 988 3002 possit,
1002 2939 1091 3002 quam
1107 2939 1167 2983 non

132 3056 169 3097 ox
191 3039 388 3099 deterioribus
411 3058 488 3100 unus
511 3041 615 3101 saltem
636 3045 766 3103 tueatur.
810 3040 877 3102 Etsi
898 3043 990 3120 igitur
1011 3059 1078 3102 mea
1099 3058 1169 3102 sen·

132 3158 226 3216 tentia
248 3157 347 3217 nullus
369 3177 406 3218 ex
428 3159 579 3219 codicibus
607 3176 661 3237 pro
689 3159 852 3238 archetypo
872 3159 976 3220 haberi
997 3163 1097 3239 potest
1117 3161 1170 3220 aut

99 3323 101 3330 ,
131 3293 185 3352 pro
207 3292 259 3351 eu,
288 3277 339 3353 qui
362 3280 413 3336 aut
443 3277 524 3336 solus
546 3277 705 3337 autsimul
728 3296 796 3337 cum
818 3277 885 3338 aliis
915 3277 951 3338 ab
977 3278 1058 3338 omni
1083 3281 1170 3356 parte
1241 3355 1247 3372 k

133 3394 243 3452 ceteris
266 3395 375 3471 opponi
397 3393 519 3473 debeat,
548 3397 646 3454 tamen
668 3400 807 3475 apparet,
836 3396 925 3473 idque
947 3397 1026 3456 inter
1053 3411 1168 3470 omncs,

132 3514 280 3588 quotquot
300 3510 348 3570 his
370 3513 455 3570 annis
477 3512 507 3570 in
530 3511 705 3574 Tusculanis
726 3516 838 3574 uersati
861 3517 940 3585 sunt,
963 3511 1169 3572 constanciam

130 3627 276 3707 arbitror,
299 3627 387 3706 longe
407 3631 677 3707 praestantissimos
700 3647 765 3690 csse
794 3630 949 3706 Regium
977 3627 1168 3691 Parisien-

45 3820 51 3827 ‚
131 3763 225 3823 sem,
248 3744 522 3826 Gryphianum,
543 3746 806 3826 Pithoeanum‚
828 3746 1076 3828 belnensem,
1100 3745 1169 3809 Gu-

132 3864 286 3922 dianum
315 3863 345 3943 l,
379 3867 469 3942 atque
497 3866 575 3924 inter
601 3864 657 3925 hos
685 3866 882 3943 principatum
910 3865 1011 3925 deberi
1037 3865 1167 3943 Regio.

131 3979 230 4041 Huius
253 3981 363 4041 codicis
387 3982 575 4043 collationem
597 3984 711 4060 primus
732 3982 896 4045 Dnunsrus
915 3983 1051 4044 adhibuit
1072 3952 1167 4042 abio.

131 4099 168 4160 Α.
181 4077 401 4160 [4131110ιοίῑά
423 4119 456 4162 sc
478 4102 610 4162 missam.
654 4098 726 4162 Post
743 4101 896 4163 Dauisiunr
918 4102 1083 4179 scripturas
1103 4100 1169 4157 eius
