<?xml version="1.0" encoding="UTF-8"?>
<!DOCTYPE html PUBLIC "-//W3C//DTD XHTML 1.0 Transitional//EN"
    "http://www.w3.org/TR/xhtml1/DTD/xhtml1-transitional.dtd">
<html xmlns="http://www.w3.org/1999/xhtml" xml:lang="en" lang="en">
 <head>
  <title>
</title>
<meta http-equiv="Content-Type" content="text/html;charset=utf-8" />
  <meta name='ocr-system' content='tesseract 3.04.00' />
  <meta name='ocr-capabilities' content='ocr_page ocr_carea ocr_par ocr_line ocrx_word'/>
</head>
<body>
  <div class='ocr_page' id='page_1' title='image "./tusculanarumdis00treggoog_0109.png"; bbox 0 0 2610 4634; ppageno 0'>
   <div class='ocr_carea' id='block_1_1' title="bbox 330 908 951 985">
    <p class='ocr_par' dir='ltr' id='par_1_1' title="bbox 330 908 951 985">
     <span class='ocr_line' id='line_1_1' title="bbox 330 908 951 985; baseline 0 -1"><span class='ocrx_word' id='word_1_1' title='bbox 330 911 382 984; x_wconf 89' lang='grc' dir='ltr'>Μ.</span> <span class='ocrx_word' id='word_1_2' title='bbox 414 908 598 983; x_wconf 75' lang='lat' dir='ltr'>&#39;rum</span> <span class='ocrx_word' id='word_1_3' title='bbox 621 909 951 985; x_wconf 79' lang='lat' dir='ltr'>CICERONIS</span> 
     </span>
    </p>
   </div>
   <div class='ocr_carea' id='block_1_2' title="bbox 161 1125 1224 1289">
    <p class='ocr_par' dir='ltr' id='par_1_2' title="bbox 161 1125 1224 1289">
     <span class='ocr_line' id='line_1_2' title="bbox 161 1125 1224 1289; baseline 0.003 -45"><span class='ocrx_word' id='word_1_4' title='bbox 161 1125 610 1245; x_wconf 86' lang='lat' dir='ltr'>ruruunnuun</span> <span class='ocrx_word' id='word_1_5' title='bbox 659 1127 1132 1247; x_wconf 80' lang='lat' dir='ltr'>urorunuorun</span> <span class='ocrx_word' id='word_1_6' title='bbox 1220 1284 1224 1289; x_wconf 10' lang='lat'><strong>⁴</strong></span> 
     </span>
    </p>
   </div>
   <div class='ocr_carea' id='block_1_3' title="bbox 493 1368 799 1428">
    <p class='ocr_par' dir='ltr' id='par_1_3' title="bbox 493 1368 799 1428">
     <span class='ocr_line' id='line_1_3' title="bbox 493 1368 799 1428; baseline 0.007 -4"><span class='ocrx_word' id='word_1_7' title='bbox 493 1368 605 1428; x_wconf 82' lang='lat' dir='ltr'>LIBER</span> <span class='ocrx_word' id='word_1_8' title='bbox 628 1369 799 1428; x_wconf 83' lang='lat' dir='ltr'>TERTIUS.</span> 
     </span>
    </p>
   </div>
   <div class='ocr_carea' id='block_1_4' title="bbox 260 1568 1044 1642">
    <p class='ocr_par' dir='ltr' id='par_1_4' title="bbox 260 1568 1044 1642">
     <span class='ocr_line' id='line_1_4' title="bbox 260 1568 1044 1642; baseline -0.001 -3"><span class='ocrx_word' id='word_1_9' title='bbox 260 1571 327 1640; x_wconf 92' lang='lat' dir='ltr'>DE</span> <span class='ocrx_word' id='word_1_10' title='bbox 370 1570 727 1642; x_wconf 85' lang='lat' dir='ltr'>AEGRITUDINE</span> <span class='ocrx_word' id='word_1_11' title='bbox 762 1568 1044 1640; x_wconf 87' lang='lat' dir='ltr'>LENIENDA.</span> 
     </span>
    </p>
   </div>
   <div class='ocr_carea' id='block_1_5' title="bbox 487 1785 791 1795">
    <p class='ocr_par' dir='ltr' id='par_1_5' title="bbox 487 1785 791 1795">
     <span class='ocr_line' id='line_1_5' title="bbox 487 1785 791 1795; baseline 0 -1"><span class='ocrx_word' id='word_1_12' title='bbox 487 1785 791 1795; x_wconf 54' lang='lat' dir='ltr'><strong><em>m</em></strong></span> 
     </span>
    </p>
   </div>
   <div class='ocr_carea' id='block_1_6' title="bbox 129 1901 1187 3717">
    <p class='ocr_par' dir='ltr' id='par_1_6' title="bbox 129 1901 1187 3717">
     <span class='ocr_line' id='line_1_6' title="bbox 130 1901 1165 2022; baseline -0.001 -24"><span class='ocrx_word' id='word_1_13' title='bbox 130 1943 151 1997; x_wconf 92' lang='lat' dir='ltr'>l.</span> <span class='ocrx_word' id='word_1_14' title='bbox 176 1941 203 1998; x_wconf 83' lang='lat' dir='ltr'>t.</span> <span class='ocrx_word' id='word_1_15' title='bbox 227 1901 388 2022; x_wconf 74' lang='lat' dir='ltr'>Quidnam</span> <span class='ocrx_word' id='word_1_16' title='bbox 411 1955 482 2010; x_wconf 77' lang='lat' dir='ltr'>csse,</span> <span class='ocrx_word' id='word_1_17' title='bbox 505 1938 607 2007; x_wconf 77' lang='lat' dir='ltr'>Brute,</span> <span class='ocrx_word' id='word_1_18' title='bbox 637 1955 735 1994; x_wconf 90' lang='lat' dir='ltr'>causae</span> <span class='ocrx_word' id='word_1_19' title='bbox 758 1946 867 2013; x_wconf 81' lang='lat' dir='ltr'>putem,</span> <span class='ocrx_word' id='word_1_20' title='bbox 898 1956 964 2009; x_wconf 77' lang='lat' dir='ltr'>cur,</span> <span class='ocrx_word' id='word_1_21' title='bbox 989 1956 1077 2011; x_wconf 88' lang='lat' dir='ltr'>quum</span> <span class='ocrx_word' id='word_1_22' title='bbox 1099 1958 1165 1997; x_wconf 92' lang='lat' dir='ltr'>con·</span> 
     </span>
     <span class='ocr_line' id='line_1_7' title="bbox 130 2045 1165 2118; baseline -0.002 -14"><span class='ocrx_word' id='word_1_23' title='bbox 130 2056 233 2105; x_wconf 89' lang='lat' dir='ltr'>stemus</span> <span class='ocrx_word' id='word_1_24' title='bbox 257 2045 404 2103; x_wconf 87' lang='lat' dir='ltr'>exanimo</span> <span class='ocrx_word' id='word_1_25' title='bbox 427 2051 455 2100; x_wconf 90' lang='lat' dir='ltr'>et</span> <span class='ocrx_word' id='word_1_26' title='bbox 475 2061 603 2116; x_wconf 82' lang='lat' dir='ltr'>corpore,</span> <span class='ocrx_word' id='word_1_27' title='bbox 627 2047 752 2117; x_wconf 88' lang='lat' dir='ltr'>corporis</span> <span class='ocrx_word' id='word_1_28' title='bbox 774 2045 887 2101; x_wconf 91' lang='lat' dir='ltr'>curandi</span> <span class='ocrx_word' id='word_1_29' title='bbox 910 2045 1061 2118; x_wconf 90' lang='lat' dir='ltr'>tuendique</span> <span class='ocrx_word' id='word_1_30' title='bbox 1085 2063 1165 2102; x_wconf 89' lang='lat' dir='ltr'>causa</span> 
     </span>
     <span class='ocr_line' id='line_1_8' title="bbox 129 2148 1164 2228; baseline -0.003 -17"><span class='ocrx_word' id='word_1_31' title='bbox 129 2155 254 2228; x_wconf 86' lang='lat' dir='ltr'>quaesita</span> <span class='ocrx_word' id='word_1_32' title='bbox 286 2153 321 2210; x_wconf 90' lang='lat' dir='ltr'>sit</span> <span class='ocrx_word' id='word_1_33' title='bbox 347 2168 391 2208; x_wconf 90' lang='lat' dir='ltr'>ars</span> <span class='ocrx_word' id='word_1_34' title='bbox 421 2159 536 2223; x_wconf 89' lang='lat' dir='ltr'>eiusque</span> <span class='ocrx_word' id='word_1_35' title='bbox 564 2152 666 2208; x_wconf 87' lang='lat' dir='ltr'>utilitas</span> <span class='ocrx_word' id='word_1_36' title='bbox 699 2153 815 2208; x_wconf 92' lang='lat' dir='ltr'>deorum</span> <span class='ocrx_word' id='word_1_37' title='bbox 842 2152 1039 2208; x_wconf 71' lang='lat' dir='ltr'>immortalium</span> <span class='ocrx_word' id='word_1_38' title='bbox 1067 2148 1164 2208; x_wconf 91' lang='lat' dir='ltr'>inuen&#39;-</span> 
     </span>
     <span class='ocr_line' id='line_1_9' title="bbox 130 2258 1164 2332; baseline -0.005 -13"><span class='ocrx_word' id='word_1_39' title='bbox 130 2263 200 2319; x_wconf 89' lang='lat' dir='ltr'>tioni</span> <span class='ocrx_word' id='word_1_40' title='bbox 222 2265 394 2332; x_wconf 82' lang='lat' dir='ltr'>consecrata3</span> <span class='ocrx_word' id='word_1_41' title='bbox 418 2259 501 2315; x_wconf 90' lang='lat' dir='ltr'>animi</span> <span class='ocrx_word' id='word_1_42' title='bbox 524 2265 614 2314; x_wconf 89' lang='lat' dir='ltr'>autern</span> <span class='ocrx_word' id='word_1_43' title='bbox 637 2258 772 2315; x_wconf 89' lang='lat' dir='ltr'>medicina</span> <span class='ocrx_word' id='word_1_44' title='bbox 795 2276 846 2314; x_wconf 91' lang='lat' dir='ltr'>nec</span> <span class='ocrx_word' id='word_1_45' title='bbox 867 2265 922 2315; x_wconf 87' lang='lat' dir='ltr'>tam</span> <span class='ocrx_word' id='word_1_46' title='bbox 943 2258 1098 2314; x_wconf 90' lang='lat' dir='ltr'>desiderata</span> <span class='ocrx_word' id='word_1_47' title='bbox 1121 2258 1164 2330; x_wconf 76' lang='lat' dir='ltr'>sit,</span> 
     </span>
     <span class='ocr_line' id='line_1_10' title="bbox 131 2365 1166 2440; baseline -0.004 -16"><span class='ocrx_word' id='word_1_48' title='bbox 131 2376 276 2440; x_wconf 86' lang='lat' dir='ltr'>antequam</span> <span class='ocrx_word' id='word_1_49' title='bbox 298 2367 425 2433; x_wconf 75' lang='lat' dir='ltr'>inuenta,</span> <span class='ocrx_word' id='word_1_50' title='bbox 450 2381 500 2420; x_wconf 89' lang='lat' dir='ltr'>nec</span> <span class='ocrx_word' id='word_1_51' title='bbox 522 2372 577 2421; x_wconf 82' lang='lat' dir='ltr'>tam</span> <span class='ocrx_word' id='word_1_52' title='bbox 599 2367 681 2435; x_wconf 78' lang='lat' dir='ltr'>culta,</span> <span class='ocrx_word' id='word_1_53' title='bbox 705 2373 884 2438; x_wconf 79' lang='lat' dir='ltr'>posteaquam</span> <span class='ocrx_word' id='word_1_54' title='bbox 907 2365 1016 2436; x_wconf 84' lang='lat' dir='ltr'>cognita</span> <span class='ocrx_word' id='word_1_55' title='bbox 1039 2372 1091 2436; x_wconf 84' lang='lat' dir='ltr'>est,</span> <span class='ocrx_word' id='word_1_56' title='bbox 1115 2382 1166 2421; x_wconf 90' lang='lat' dir='ltr'>nec</span> 
     </span>
     <span class='ocr_line' id='line_1_11' title="bbox 129 2458 1165 2544; baseline -0.006 -12"><span class='ocrx_word' id='word_1_57' title='bbox 129 2483 185 2532; x_wconf 89' lang='lat' dir='ltr'>tam</span> <span class='ocrx_word' id='word_1_58' title='bbox 207 2473 300 2529; x_wconf 92' lang='lat' dir='ltr'>multis</span> <span class='ocrx_word' id='word_1_59' title='bbox 323 2479 397 2542; x_wconf 86' lang='lat' dir='ltr'>grata</span> <span class='ocrx_word' id='word_1_60' title='bbox 420 2478 447 2527; x_wconf 88' lang='lat' dir='ltr'>et</span> <span class='ocrx_word' id='word_1_61' title='bbox 464 2473 589 2543; x_wconf 76' lang='lat' dir='ltr'>probata,</span> <span class='ocrx_word' id='word_1_62' title='bbox 608 2471 733 2543; x_wconf 88' lang='lat' dir='ltr'>pluribus</span> <span class='ocrx_word' id='word_1_63' title='bbox 756 2476 838 2529; x_wconf 88' lang='lat' dir='ltr'>etiam</span> <span class='ocrx_word' id='word_1_64' title='bbox 860 2458 987 2544; x_wconf 87' lang='lat' dir='ltr'>suspecta</span> <span class='ocrx_word' id='word_1_65' title='bbox 1008 2479 1036 2528; x_wconf 90' lang='lat' dir='ltr'>et</span> <span class='ocrx_word' id='word_1_66' title='bbox 1052 2467 1165 2528; x_wconf 77' lang='lat' dir='ltr'>inuisa?</span> 
     </span>
     <span class='ocr_line' id='line_1_12' title="bbox 130 2553 1164 2653; baseline -0.005 -15"><span class='ocrx_word' id='word_1_67' title='bbox 130 2583 174 2639; x_wconf 76' lang='lat' dir='ltr'>An</span> <span class='ocrx_word' id='word_1_68' title='bbox 202 2580 277 2653; x_wconf 92' lang='lat' dir='ltr'>quod</span> <span class='ocrx_word' id='word_1_69' title='bbox 310 2579 433 2652; x_wconf 87' lang='lat' dir='ltr'>corporis</span> <span class='ocrx_word' id='word_1_70' title='bbox 463 2578 624 2650; x_wconf 81' lang='lat' dir='ltr'>grauitatem</span> <span class='ocrx_word' id='word_1_71' title='bbox 657 2585 684 2634; x_wconf 89' lang='lat' dir='ltr'>et</span> <span class='ocrx_word' id='word_1_72' title='bbox 716 2581 842 2636; x_wconf 90' lang='lat' dir='ltr'>dolorem</span> <span class='ocrx_word' id='word_1_73' title='bbox 875 2553 972 2635; x_wconf 33' lang='lat' dir='ltr'>animo·</span> <span class='ocrx_word' id='word_1_74' title='bbox 999 2578 1164 2649; x_wconf 80' lang='lat' dir='ltr'>iudicamus,</span> 
     </span>
     <span class='ocr_line' id='line_1_13' title="bbox 130 2683 1166 2760; baseline -0.005 -15"><span class='ocrx_word' id='word_1_75' title='bbox 130 2687 214 2746; x_wconf 90' lang='lat' dir='ltr'>animi</span> <span class='ocrx_word' id='word_1_76' title='bbox 231 2687 359 2742; x_wconf 82' lang='lat' dir='ltr'>morbum</span> <span class='ocrx_word' id='word_1_77' title='bbox 376 2704 493 2758; x_wconf 89' lang='lat' dir='ltr'>corpore</span> <span class='ocrx_word' id='word_1_78' title='bbox 515 2703 571 2741; x_wconf 92' lang='lat' dir='ltr'>non</span> <span class='ocrx_word' id='word_1_79' title='bbox 593 2683 748 2742; x_wconf 83' lang='lat' dir='ltr'>sentimus?</span> <span class='ocrx_word' id='word_1_80' title='bbox 771 2688 811 2742; x_wconf 88' lang='lat' dir='ltr'>lta</span> <span class='ocrx_word' id='word_1_81' title='bbox 833 2687 872 2760; x_wconf 83' lang='lat' dir='ltr'>fit,</span> <span class='ocrx_word' id='word_1_82' title='bbox 896 2694 926 2742; x_wconf 89' lang='lat' dir='ltr'>ut</span> <span class='ocrx_word' id='word_1_83' title='bbox 947 2685 1055 2742; x_wconf 91' lang='lat' dir='ltr'>animus</span> <span class='ocrx_word' id='word_1_84' title='bbox 1078 2685 1114 2740; x_wconf 93' lang='lat' dir='ltr'>de</span> <span class='ocrx_word' id='word_1_85' title='bbox 1135 2701 1166 2740; x_wconf 85' lang='lat' dir='ltr'>sc</span> 
     </span>
     <span class='ocr_line' id='line_1_14' title="bbox 130 2791 1187 2866; baseline -0.002 -15"><span class='ocrx_word' id='word_1_86' title='bbox 130 2796 191 2866; x_wconf 88' lang='lat' dir='ltr'>ipse</span> <span class='ocrx_word' id='word_1_87' title='bbox 219 2801 275 2849; x_wconf 88' lang='lat' dir='ltr'>tum</span> <span class='ocrx_word' id='word_1_88' title='bbox 303 2793 420 2864; x_wconf 80' lang='lat' dir='ltr'>iudicet,</span> <span class='ocrx_word' id='word_1_89' title='bbox 456 2809 541 2865; x_wconf 93' lang='lat' dir='ltr'>quum</span> <span class='ocrx_word' id='word_1_90' title='bbox 570 2791 597 2847; x_wconf 94' lang='lat' dir='ltr'>id</span> <span class='ocrx_word' id='word_1_91' title='bbox 627 2792 733 2864; x_wconf 76' lang='lat' dir='ltr'>ipsum,</span> <span class='ocrx_word' id='word_1_92' title='bbox 768 2809 823 2865; x_wconf 93' lang='lat' dir='ltr'>quo</span> <span class='ocrx_word' id='word_1_93' title='bbox 851 2791 1003 2864; x_wconf 73' lang='lat' dir='ltr'>iudicatur,</span> <span class='ocrx_word' id='word_1_94' title='bbox 1032 2797 1187 2862; x_wconf 81' lang='lat' dir='ltr'>aegrotet..</span> 
     </span>
     <span class='ocr_line' id='line_1_15' title="bbox 129 2896 1166 2975; baseline -0.006 -17"><span class='ocrx_word' id='word_1_95' title='bbox 129 2899 161 2958; x_wconf 80' lang='lat'>2.</span> <span class='ocrx_word' id='word_1_96' title='bbox 187 2900 314 2975; x_wconf 84' lang='lat' dir='ltr'>Quodsi</span> <span class='ocrx_word' id='word_1_97' title='bbox 337 2902 404 2956; x_wconf 88' lang='lat' dir='ltr'>tales</span> <span class='ocrx_word' id='word_1_98' title='bbox 427 2915 477 2953; x_wconf 92' lang='lat' dir='ltr'>nos</span> <span class='ocrx_word' id='word_1_99' title='bbox 506 2905 600 2954; x_wconf 91' lang='lat' dir='ltr'>natura</span> <span class='ocrx_word' id='word_1_100' title='bbox 629 2899 785 2970; x_wconf 76' lang='lat' dir='ltr'>genuisset,</span> <span class='ocrx_word' id='word_1_101' title='bbox 814 2906 845 2955; x_wconf 91' lang='lat' dir='ltr'>ut</span> <span class='ocrx_word' id='word_1_102' title='bbox 871 2916 932 2954; x_wconf 87' lang='lat' dir='ltr'>eam</span> <span class='ocrx_word' id='word_1_103' title='bbox 954 2898 1043 2970; x_wconf 91' lang='lat' dir='ltr'>ipsam</span> <span class='ocrx_word' id='word_1_104' title='bbox 1065 2896 1166 2954; x_wconf 89' lang='lat' dir='ltr'>intueri</span> 
     </span>
     <span class='ocr_line' id='line_1_16' title="bbox 130 3005 1167 3081; baseline -0.004 -20"><span class='ocrx_word' id='word_1_105' title='bbox 130 3013 158 3062; x_wconf 93' lang='lat' dir='ltr'>et</span> <span class='ocrx_word' id='word_1_106' title='bbox 185 3007 343 3076; x_wconf 82' lang='lat' dir='ltr'>perspicere</span> <span class='ocrx_word' id='word_1_107' title='bbox 371 3006 522 3076; x_wconf 90' lang='lat' dir='ltr'>eademque</span> <span class='ocrx_word' id='word_1_108' title='bbox 552 3007 655 3077; x_wconf 92' lang='lat' dir='ltr'>optima</span> <span class='ocrx_word' id='word_1_109' title='bbox 682 3007 752 3061; x_wconf 90' lang='lat' dir='ltr'>duce</span> <span class='ocrx_word' id='word_1_110' title='bbox 782 3023 892 3081; x_wconf 85' lang='lat' dir='ltr'>cursum</span> <span class='ocrx_word' id='word_1_111' title='bbox 925 3005 998 3060; x_wconf 87' lang='lat' dir='ltr'>uitae</span> <span class='ocrx_word' id='word_1_112' title='bbox 1031 3005 1167 3061; x_wconf 87' lang='lat' dir='ltr'>conficere</span> 
     </span>
     <span class='ocr_line' id='line_1_17' title="bbox 130 3109 1167 3185; baseline -0.003 -18"><span class='ocrx_word' id='word_1_113' title='bbox 130 3127 286 3184; x_wconf 79' lang='lat' dir='ltr'>possemus,</span> <span class='ocrx_word' id='word_1_114' title='bbox 309 3111 382 3165; x_wconf 92' lang='lat' dir='ltr'>haud</span> <span class='ocrx_word' id='word_1_115' title='bbox 404 3116 462 3165; x_wconf 89' lang='lat' dir='ltr'>erat</span> <span class='ocrx_word' id='word_1_116' title='bbox 484 3126 565 3180; x_wconf 83' lang='lat' dir='ltr'>sane,</span> <span class='ocrx_word' id='word_1_117' title='bbox 588 3111 663 3183; x_wconf 94' lang='lat' dir='ltr'>quod</span> <span class='ocrx_word' id='word_1_118' title='bbox 686 3112 833 3185; x_wconf 87' lang='lat' dir='ltr'>quisquam</span> <span class='ocrx_word' id='word_1_119' title='bbox 855 3112 989 3168; x_wconf 85' lang='lat' dir='ltr'>rationem</span> <span class='ocrx_word' id='word_1_120' title='bbox 1011 3127 1043 3166; x_wconf 94' lang='lat' dir='ltr'>ac</span> <span class='ocrx_word' id='word_1_121' title='bbox 1063 3109 1167 3166; x_wconf 87' lang='lat' dir='ltr'>doctri·</span> 
     </span>
     <span class='ocr_line' id='line_1_18' title="bbox 130 3216 1167 3290; baseline -0.003 -17"><span class='ocrx_word' id='word_1_122' title='bbox 130 3235 194 3274; x_wconf 86' lang='lat' dir='ltr'>narn</span> <span class='ocrx_word' id='word_1_123' title='bbox 216 3216 377 3289; x_wconf 89' lang='lat' dir='ltr'>requireret.</span> <span class='ocrx_word' id='word_1_124' title='bbox 432 3216 511 3272; x_wconf 91' lang='lat' dir='ltr'>Nunc</span> <span class='ocrx_word' id='word_1_125' title='bbox 533 3220 665 3289; x_wconf 90' lang='lat' dir='ltr'>paruulos</span> <span class='ocrx_word' id='word_1_126' title='bbox 694 3218 775 3278; x_wconf 71' lang='lat' dir='ltr'>uoltis</span> <span class='ocrx_word' id='word_1_127' title='bbox 804 3220 880 3274; x_wconf 86' lang='lat' dir='ltr'>dedit</span> <span class='ocrx_word' id='word_1_128' title='bbox 907 3218 1060 3290; x_wconf 83' lang='lat' dir='ltr'>igniculos,</span> <span class='ocrx_word' id='word_1_129' title='bbox 1095 3232 1167 3288; x_wconf 86' lang='lat' dir='ltr'>quos</span> 
     </span>
     <span class='ocr_line' id='line_1_19' title="bbox 132 3320 1165 3404; baseline -0.004 -23"><span class='ocrx_word' id='word_1_130' title='bbox 132 3325 259 3381; x_wconf 87' lang='lat' dir='ltr'>celeriter</span> <span class='ocrx_word' id='word_1_131' title='bbox 281 3323 360 3379; x_wconf 90' lang='lat' dir='ltr'>malis</span> <span class='ocrx_word' id='word_1_132' title='bbox 383 3324 507 3380; x_wconf 83' lang='lat' dir='ltr'>moribus</span> <span class='ocrx_word' id='word_1_133' title='bbox 531 3324 764 3397; x_wconf 89' lang='lat' dir='ltr'>opinionibusque</span> <span class='ocrx_word' id='word_1_134' title='bbox 787 3320 929 3396; x_wconf 87' lang='lat' dir='ltr'>deprauati</span> <span class='ocrx_word' id='word_1_135' title='bbox 953 3324 992 3380; x_wconf 89' lang='lat' dir='ltr'>sic</span> <span class='ocrx_word' id='word_1_136' title='bbox 1015 3324 1165 3404; x_wconf 84' lang='lat' dir='ltr'>restingui·</span> 
     </span>
     <span class='ocr_line' id='line_1_20' title="bbox 131 3429 1167 3511; baseline -0.004 -23"><span class='ocrx_word' id='word_1_137' title='bbox 131 3449 203 3502; x_wconf 77' lang='lat' dir='ltr'>mus,</span> <span class='ocrx_word' id='word_1_138' title='bbox 226 3438 412 3509; x_wconf 83' lang='lat' dir='ltr'>utnusquam</span> <span class='ocrx_word' id='word_1_139' title='bbox 435 3436 546 3486; x_wconf 80' lang='lat' dir='ltr'>naturae</span> <span class='ocrx_word' id='word_1_140' title='bbox 569 3431 661 3486; x_wconf 91' lang='lat' dir='ltr'>lumen</span> <span class='ocrx_word' id='word_1_141' title='bbox 685 3439 823 3511; x_wconf 60' lang='lat' dir='ltr'>appareat</span> <span class='ocrx_word' id='word_1_142' title='bbox 860 3433 930 3487; x_wconf 91' lang='lat' dir='ltr'>Sunt</span> <span class='ocrx_word' id='word_1_143' title='bbox 951 3429 1025 3486; x_wconf 90' lang='lat' dir='ltr'>enirn</span> <span class='ocrx_word' id='word_1_144' title='bbox 1048 3429 1167 3498; x_wconf 84' lang='lat' dir='ltr'>ingeniis</span> 
     </span>
     <span class='ocr_line' id='line_1_21' title="bbox 131 3535 1168 3610; baseline -0.004 -16"><span class='ocrx_word' id='word_1_145' title='bbox 131 3539 233 3595; x_wconf 87' lang='lat' dir='ltr'>nostris</span> <span class='ocrx_word' id='word_1_146' title='bbox 256 3539 359 3594; x_wconf 90' lang='lat' dir='ltr'>semina</span> <span class='ocrx_word' id='word_1_147' title='bbox 382 3538 473 3594; x_wconf 86' lang='lat' dir='ltr'>innata</span> <span class='ocrx_word' id='word_1_148' title='bbox 495 3538 637 3608; x_wconf 83' lang='lat' dir='ltr'>uirtutum,</span> <span class='ocrx_word' id='word_1_149' title='bbox 661 3555 732 3610; x_wconf 91' lang='lat' dir='ltr'>quae</span> <span class='ocrx_word' id='word_1_150' title='bbox 754 3537 778 3593; x_wconf 91' lang='lat' dir='ltr'>si</span> <span class='ocrx_word' id='word_1_151' title='bbox 800 3539 958 3594; x_wconf 87' lang='lat' dir='ltr'>adolescere</span> <span class='ocrx_word' id='word_1_152' title='bbox 980 3538 1084 3608; x_wconf 74' lang='lat' dir='ltr'>liceret,</span> <span class='ocrx_word' id='word_1_153' title='bbox 1107 3535 1168 3607; x_wconf 92' lang='lat' dir='ltr'>ipsa</span> 
     </span>
     <span class='ocr_line' id='line_1_22' title="bbox 132 3641 1166 3717; baseline -0.004 -17"><span class='ocrx_word' id='word_1_154' title='bbox 132 3662 183 3701; x_wconf 93' lang='lat' dir='ltr'>nos</span> <span class='ocrx_word' id='word_1_155' title='bbox 206 3647 240 3701; x_wconf 89' lang='lat' dir='ltr'>ad</span> <span class='ocrx_word' id='word_1_156' title='bbox 263 3645 369 3701; x_wconf 87' lang='lat' dir='ltr'>beatam</span> <span class='ocrx_word' id='word_1_157' title='bbox 393 3646 477 3701; x_wconf 90' lang='lat' dir='ltr'>uitam</span> <span class='ocrx_word' id='word_1_158' title='bbox 499 3653 594 3701; x_wconf 87' lang='lat' dir='ltr'>natura</span> <span class='ocrx_word' id='word_1_159' title='bbox 616 3645 787 3717; x_wconf 78' lang='lat' dir='ltr'>perduceret</span> <span class='ocrx_word' id='word_1_160' title='bbox 842 3645 922 3700; x_wconf 87' lang='lat' dir='ltr'>Nunc</span> <span class='ocrx_word' id='word_1_161' title='bbox 949 3649 1054 3715; x_wconf 82' lang='lat' dir='ltr'>autem,</span> <span class='ocrx_word' id='word_1_162' title='bbox 1083 3641 1166 3697; x_wconf 89' lang='lat' dir='ltr'>simul</span> 
     </span>
    </p>
   </div>
   <div class='ocr_carea' id='block_1_7' title="bbox 136 3787 434 3801">
    <p class='ocr_par' dir='ltr' id='par_1_7' title="bbox 136 3787 434 3801">
     <span class='ocr_line' id='line_1_23' title="bbox 136 3787 434 3801; baseline 0.01 -3"><span class='ocrx_word' id='word_1_163' title='bbox 136 3787 434 3801; x_wconf 44' lang='grc' dir='ltr'>-δ--κ--ὰ-</span> 
     </span>
    </p>
   </div>
   <div class='ocr_carea' id='block_1_8' title="bbox 61 3877 1220 4193">
    <p class='ocr_par' dir='ltr' id='par_1_8' title="bbox 61 3877 1220 4193">
     <span class='ocr_line' id='line_1_24' title="bbox 203 3877 1167 3942; baseline -0.002 -17"><span class='ocrx_word' id='word_1_164' title='bbox 203 3878 224 3925; x_wconf 95' lang='lat' dir='ltr'>l.</span> <span class='ocrx_word' id='word_1_165' title='bbox 244 3879 513 3938; x_wconf 81' lang='lat' dir='ltr'>Quidnam-Brute)</span> <span class='ocrx_word' id='word_1_166' title='bbox 532 3879 644 3928; x_wconf 86' lang='lat' dir='ltr'>om.RP.</span> <span class='ocrx_word' id='word_1_167' title='bbox 680 3877 800 3942; x_wconf 85' lang='lat' dir='ltr'>deorum)</span> <span class='ocrx_word' id='word_1_168' title='bbox 819 3879 938 3928; x_wconf 87' lang='lat' dir='ltr'>decorum</span> <span class='ocrx_word' id='word_1_169' title='bbox 958 3879 1020 3940; x_wconf 89' lang='lat' dir='ltr'>RP.,</span> <span class='ocrx_word' id='word_1_170' title='bbox 1032 3877 1084 3925; x_wconf 81' lang='lat' dir='ltr'>‘sed</span> <span class='ocrx_word' id='word_1_171' title='bbox 1099 3889 1167 3924; x_wconf 80' lang='lat' dir='ltr'>corr.</span> 
     </span>
     <span class='ocr_line' id='line_1_25' title="bbox 61 3950 1220 4027; baseline 0.002 -19"><span class='ocrx_word' id='word_1_172' title='bbox 61 3950 71 3957; x_wconf 44' lang='lat'>⁵</span> <span class='ocrx_word' id='word_1_173' title='bbox 130 3961 159 4008; x_wconf 79' lang='lat' dir='ltr'>tu</span> <span class='ocrx_word' id='word_1_174' title='bbox 177 3962 291 4010; x_wconf 78' lang='lat' dir='ltr'>deorum.</span> <span class='ocrx_word' id='word_1_175' title='bbox 309 3961 465 4027; x_wconf 85' lang='lat' dir='ltr'>desiderate)</span> <span class='ocrx_word' id='word_1_176' title='bbox 482 3963 599 4013; x_wconf 84' lang='lat' dir='ltr'>desidera</span> <span class='ocrx_word' id='word_1_177' title='bbox 616 3964 669 4013; x_wconf 73' lang='grc' dir='ltr'>ΒΡ.</span> <span class='ocrx_word' id='word_1_178' title='bbox 703 3963 730 4013; x_wconf 80' lang='grc'>2.</span> <span class='ocrx_word' id='word_1_179' title='bbox 747 3960 825 4022; x_wconf 82' lang='lat' dir='ltr'>haud)</span> <span class='ocrx_word' id='word_1_180' title='bbox 843 3971 887 4012; x_wconf 84' lang='lat' dir='ltr'>aut</span> <span class='ocrx_word' id='word_1_181' title='bbox 906 3963 960 4011; x_wconf 76' lang='grc' dir='ltr'>ΒΡ.</span> <span class='ocrx_word' id='word_1_182' title='bbox 995 3964 1118 4012; x_wconf 81' lang='lat' dir='ltr'>rationem</span> <span class='ocrx_word' id='word_1_183' title='bbox 1138 3973 1168 4010; x_wconf 88' lang='lat' dir='ltr'>ao</span> <span class='ocrx_word' id='word_1_184' title='bbox 1214 3986 1220 3995; x_wconf 83' lang='lat'><strong>·</strong></span> 
     </span>
     <span class='ocr_line' id='line_1_26' title="bbox 132 4044 1168 4109; baseline 0.001 -16"><span class='ocrx_word' id='word_1_185' title='bbox 132 4044 287 4108; x_wconf 84' lang='lat' dir='ltr'>‹lortriuorn)</span> <span class='ocrx_word' id='word_1_186' title='bbox 304 4047 401 4101; x_wconf 84' lang='lat' dir='ltr'>ratione</span> <span class='ocrx_word' id='word_1_187' title='bbox 417 4058 448 4097; x_wconf 82' lang='lat' dir='ltr'>ac</span> <span class='ocrx_word' id='word_1_188' title='bbox 464 4048 520 4096; x_wconf 85' lang='lat' dir='ltr'>doc&#39;</span> <span class='ocrx_word' id='word_1_189' title='bbox 782 4044 829 4107; x_wconf 56' lang='grc' dir='ltr'>Μ)</span> <span class='ocrx_word' id='word_1_190' title='bbox 846 4048 993 4109; x_wconf 81' lang='lat' dir='ltr'>deprauatis</span> <span class='ocrx_word' id='word_1_191' title='bbox 1011 4046 1088 4095; x_wconf 85' lang='lat' dir='ltr'>RPO.</span> <span class='ocrx_word' id='word_1_192' title='bbox 1133 4046 1168 4094; x_wconf 90' lang='lat' dir='ltr'>u-</span> 
     </span>
     <span class='ocr_line' id='line_1_27' title="bbox 132 4127 337 4193; baseline 0.01 -14"><span class='ocrx_word' id='word_1_193' title='bbox 132 4127 214 4193; x_wconf 81' lang='lat' dir='ltr'>cerel)</span> <span class='ocrx_word' id='word_1_194' title='bbox 231 4130 292 4181; x_wconf 79' lang='lat' dir='ltr'>litut</span> <span class='ocrx_word' id='word_1_195' title='bbox 307 4130 337 4181; x_wconf 83' lang='lat' dir='ltr'>ll-</span> 
     </span>
    </p>
   </div>
   <div class='ocr_carea' id='block_1_9' title="bbox 0 0 1312 4634">
    <p class='ocr_par' dir='ltr' id='par_1_9' title="bbox 0 0 1312 4634">
     <span class='ocr_line' id='line_1_28' title="bbox 0 0 1312 4634; baseline 0 0"><span class='ocrx_word' id='word_1_196' title='bbox 0 0 1312 4634; x_wconf 95' lang='lat' dir='ltr'> </span> 
     </span>
    </p>
   </div>
  </div>
 </body>
</html>
