2610 4634
343 307 347 313 ·
449 303 523 348 nra.
545 291 568 346 l.
613 301 695 348 cnr.
717 287 810 350 2-1.
1125 293 1146 353 3

109 495 177 553 illos
199 486 308 551 honore
330 491 481 565 geometria
498 492 560 565 fuit,
579 492 672 567 itaque
694 492 763 549 nihil
785 493 982 552 mathematicis
1004 495 1148 554 illustrius.

109 603 148 659 At
169 618 221 658 nos
244 599 376 657 metiendi
399 600 637 674 ratiocinandique
659 600 774 657 utilitate
796 600 878 657 huius
901 601 966 658 artis
988 603 1149 660 terminaui-

109 726 174 766 mus
193 708 319 764 modum.
755 752 771 784 ο

196 816 248 872 111.
288 815 325 871 ht
354 819 450 872 contra
478 820 617 872 oratorem
643 814 773 870 celeriter
800 816 940 887 complexi
968 833 1064 874 sumus
1098 834 1150 874 nee

110 939 177 980 enm
197 921 288 994 primo
310 920 467 994 eruditum,
495 927 589 992 aptum
619 927 710 977 tamen
732 922 767 977 ad
789 921 951 994 dicendum,
973 929 1037 995 post
1058 932 1149 981 autem

109 1030 258 1087 eruditum.
295 1029 367 1084 Nam
378 1027 505 1098 Galbam,
528 1027 699 1101 Africanum,
721 1028 845 1084 Laelium
867 1030 963 1086 doctos
985 1030 1071 1086 luisse
1093 1037 1148 1088 tra·
1199 1104 1201 1108 Ι

109 1137 200 1193 ditum
222 1141 280 1205 est3
309 1133 464 1191 studiosum
485 1141 575 1189 autem
597 1150 677 1205 eum,
701 1135 749 1206 qui
770 1134 805 1190 iis
828 1141 914 1192 aetate
935 1137 1071 1210 anteibat,
1095 1138 1148 1195 Ca·

109 1250 223 1316 tonem3
250 1249 314 1313 post
344 1257 412 1296 uero
441 1239 594 1312 Lepidum,
627 1240 796 1312 Carbonem,
830 1242 985 1314 liraccbos3
1018 1244 1082 1300 inde
1111 1245 1149 1301 ita

109 1365 227 1422 magnos
248 1355 371 1405 nostram
392 1347 428 1402 ad
450 1352 580 1419 aetatem,
603 1353 634 1403 ut
656 1365 713 1403 non
734 1349 853 1404 multum
874 1357 921 1406 aut
942 1350 1011 1406 nibil
1034 1351 1148 1408 omnino

110 1456 224 1514 Graecis
245 1456 398 1512 cederetur.
442 1453 623 1526 Philosophia
652 1453 734 1510 iacuit
760 1471 850 1528 usque
876 1456 910 1511 ad
936 1456 1007 1512 banc
1033 1463 1148 1515 aetatem

109 1580 163 1621 nec
183 1563 272 1619 ullum
292 1562 389 1618 hahuit
409 1563 504 1618 lumen
525 1560 677 1617 litterarum
696 1560 871 1633 Latinarum3
894 1579 964 1634 quae
986 1563 1148 1621 illustranda

111 1675 139 1727 et
159 1668 302 1726 excitanda
323 1669 406 1724 nobis
428 1674 479 1741 est,
501 1673 541 1737 ut,
560 1667 585 1723 si
602 1667 728 1738 occupati
744 1667 899 1738 profuimus
914 1669 1021 1742 aliquid
1038 1670 1147 1727 ciuibus

110 1776 232 1849 nostris,
260 1775 400 1847 prosimus
432 1775 528 1847 etiam,
557 1773 581 1830 si
610 1791 769 1846 possumus,
793 1774 884 1833 otiosi.
927 1774 957 1834 6.
980 1778 1012 1832 ln
1033 1793 1090 1849 quo
1113 1794 1147 1834 eo

110 1883 199 1955 magis
221 1882 303 1939 nobis
325 1889 367 1939 est
388 1882 595 1953 elaborandum,
618 1882 695 1955 quod
715 1881 794 1936 multi
817 1879 872 1937 iam
893 1899 955 1939 esse
975 1882 1041 1939 libri
1059 1884 1147 1941 Latini

109 1990 239 2047 dicuntur
258 1988 355 2062 scripti
378 1988 579 2045 inconsiderate
601 1987 635 2044 ab
658 1988 769 2059 optimis
791 1987 847 2045 illis
869 1989 983 2062 quidem
1000 1989 1079 2063 uiris,
1097 1992 1147 2047 sed

109 2114 167 2154 non
189 2095 254 2153 satis
276 2095 401 2153 eruditis.
444 2094 516 2151 Fieri
538 2101 628 2152 autem
649 2101 749 2168 potest,
771 2101 801 2152 ut
822 2102 895 2152 rccte
917 2096 979 2170 quis
1002 2096 1100 2153 sentiat
1120 2104 1149 2154 et

109 2203 156 2277 id,
180 2203 255 2277 quod
278 2203 375 2275 sentit,
398 2201 484 2274 polite
506 2203 601 2276 eloqui
623 2220 680 2259 non
702 2202 806 2275 possit;
833 2179 883 2258 sed
906 2203 1035 2259 mandare
1057 2220 1146 2276 quen·

110 2326 193 2385 quam
216 2309 312 2366 litteris
334 2308 514 2381 cogitationes
537 2326 611 2382 suas,
634 2309 682 2382 qui
704 2326 750 2366 eas
768 2326 820 2365 nec
835 2308 984 2382 disponere
1008 2328 1059 2366 nec
1079 2310 1145 2367 illu-

110 2424 199 2474 strare
220 2415 309 2489 possit
330 2432 382 2472 uec
404 2415 584 2473 delectatione
607 2416 699 2489 aliqua
726 2417 837 2473 allicere
859 2419 1001 2491 lectorem,
1025 2416 1146 2474 hominis

109 2530 152 2581 est
171 2523 386 2613 intemperanter
406 2523 544 2580 abutentis
566 2528 593 2579 et
614 2523 670 2579 otio
694 2528 721 2579 et
741 2522 849 2579 litteris.
894 2525 989 2596 ltaque
1016 2540 1082 2580 suos
1110 2524 1145 2580 li-

108 2631 176 2687 bros
198 2629 253 2702 ipsi
276 2630 373 2700 legunt
393 2647 456 2685 cum
479 2629 552 2703 suis,
575 2646 626 2685 nec
648 2629 795 2702 quisquam
817 2628 923 2699 attingit
952 2635 1060 2701 praeter
1084 2647 1145 2701 eos,

109 2737 158 2811 qui
177 2736 296 2793 eandem
318 2736 456 2793 licentiam
478 2735 617 2794 scribendi
640 2735 694 2791 sihi
716 2735 836 2808 permitti
858 2736 962 2791 uolunt.
1007 2735 1099 2804 Quare
1122 2735 1146 2793 si

109 2843 215 2916 aliquid
248 2841 383 2900 oratoriae
411 2843 501 2899 laudis
523 2849 617 2900 nostra
638 2842 776 2898 attulimus
798 2840 948 2915 industria,
976 2843 1063 2899 multo
1086 2847 1145 2899 stu-

108 2949 215 3007 diosius
237 2948 431 3023 philosophiae
453 2950 543 3007 sontes
565 2947 731 3024 aperiemus,
751 2966 767 3005 c
789 2949 890 3022 quibus
913 2949 995 3006 etiam
1016 2950 1065 3006 illa
1084 2965 1145 3007 ma-

19 3110 22 3116 .
107 3058 219 3115 trabant.

192 3164 243 3220 1v.
286 3161 316 3222 7.
339 3163 395 3220 Sed
416 3170 447 3220 ut
467 3162 647 3237 Aristoteles,
670 3161 715 3219 uir
736 3181 844 3221 summo
866 3164 997 3236 ingenio,
1019 3164 1144 3236 scientia,

107 3269 198 3343 copia,
221 3286 307 3344 mum
327 3277 420 3326 motus
442 3277 516 3327 esset
534 3269 661 3326 Isocratis
685 3271 802 3327 rhetoris
825 3271 924 3343 gloria,
948 3271 1040 3327 dicere
1062 3270 1144 3326 etiam

105 3376 198 3450 coepit
218 3378 407 3434 adolescentes
435 3377 535 3433 docere
564 3382 591 3432 el
617 3376 791 3448 prudentiam
816 3395 880 3435 cum
902 3378 1058 3450 eloquentia
1079 3376 1143 3433 iun·

107 3500 185 3559 gere,
207 3484 247 3542 sic
272 3484 353 3541 nobis
376 3485 465 3556 placet
485 3499 537 3539 nec
558 3482 705 3555 pristinum
726 3484 837 3540 dicendi
860 3483 981 3540 studium
1002 3483 1144 3553 deponere

107 3598 135 3649 et
156 3592 186 3648 in
206 3591 259 3648 hac
279 3593 384 3648 maiore
406 3596 434 3647 et
450 3590 579 3646 uberiore
596 3596 653 3646 arte
671 3591 787 3648 uersari.
819 3588 1145 3661 Hancenimperlectam

105 3696 315 3773 philosophiam
336 3714 448 3770 semper
468 3696 604 3771 indicaui,
635 3713 707 3769 quae
729 3696 764 3752 de
786 3695 913 3753 maximis
935 3694 1144 3770 quaestionibus

174 3889 200 3940 5.
217 3890 254 3942 At
269 3888 337 3956 nos)
354 3893 385 3942 ad
403 3906 449 3943 nos
467 3893 499 3942 lt.
552 3892 707 3958 Carbonem)
725 3893 845 3944 Catoncm
864 3894 896 3943 R.
957 3894 1053 3958 iacuit)
1070 3893 1144 3942 latuit

103 3974 167 4041 (lt.)
218 3975 244 4026 6.
264 3977 321 4026 libri
338 3977 437 4041 Latini)
454 3979 508 4028 Lat.
527 3979 586 4027 libri
606 3976 637 4027 0.
694 3977 796 4041 laudis)
815 3978 882 4027 laudi
899 3975 929 4027 0.
981 3975 1141 4040 iseicntta)

104 4060 227 4111 scientiae
244 4061 277 4111 ll.
330 4061 470 4127 isocratis)
494 4052 610 4113 Socratis
623 4063 654 4111 n.
707 4060 816 4125 docere)
839 4075 889 4111 om.
907 4063 939 4113 R.
974 4059 1063 4127 Hanc)
1081 4062 1142 4110 baec

102 4144 147 4210 1t.,
163 4144 210 4195 aad
226 4157 292 4195 corr.
309 4146 339 4195 io
356 4146 429 4197 banc.

911 4247 938 4295 μ
