2610 4634
467 283 543 330 err.
565 272 588 329 1.
631 283 717 330 cnr.
736 268 790 332 24.
1102 270 1146 335 23

106 473 218 534 sicilie
239 472 400 551 respondet,
420 479 452 531 nt
471 491 557 548 puer,
578 480 608 531 et
628 479 719 531 tamen
739 474 777 532 ita
798 474 895 532 faciles
914 474 1145 548 interrogationes

107 588 188 656 sunt,
209 587 241 639 nt
262 581 396 653 gradatim
418 582 592 655 respondens
613 581 713 639 eodem
734 581 885 656 perueniat,
907 599 964 656 qno
985 582 1011 640 si
1032 601 1146 656 geome-

107 688 177 746 trica
196 688 349 746 didicisset.
390 689 435 746 Ex
459 705 516 763 quo
537 688 612 746 effici
632 690 694 745 nult
715 690 860 762 Socrates,
888 695 918 747 nt
944 690 1051 748 discere
1077 690 1147 750 nihil

107 796 185 854 aliud
204 795 242 852 sit
261 794 315 851 nisi
337 795 488 853 recordari.
532 797 622 865 Quem
650 797 742 852 locnrn
768 798 857 853 multo
886 796 967 854 etiam
993 799 1147 857 accuratius

103 891 229 975 'explicat
248 902 279 959 in
300 918 335 960 eo
357 918 496 977 sermone,
515 919 599 975 quem
619 902 716 960 habuit
737 920 771 960 eo
793 904 855 977 ipso
879 904 934 978 die,
952 922 1008 978 quo
1030 907 1149 964 excessit

109 1008 220 1083 onita,
243 1009 323 1066 docet
345 1009 419 1066 enim
450 1010 596 1083 quemuis,
624 1009 672 1083 qni
701 1011 825 1068 omnium
857 1029 951 1069 rerum
980 1013 1057 1070 rudis
1085 1030 1148 1071 esse

104 1115 250 1192 uideatur,
272 1116 345 1174 bene
363 1117 544 1189 interroganti
565 1118 779 1189 respondentem
799 1118 940 1175 declarare
961 1136 992 1176 se
1013 1137 1069 1177 non
1090 1126 1151 1178 tum

108 1223 158 1281 illa
180 1223 304 1297 discere,
334 1223 384 1281 sed
405 1223 607 1281 reminiscendo
630 1242 816 1299 cognoscere,
846 1242 897 1283 nec
918 1242 986 1284 nero
1008 1228 1070 1285 fieri
1090 1229 1150 1284 ullo

111 1331 196 1389 modo
217 1347 318 1405 posse,
346 1337 377 1387 ut
403 1348 420 1387 a
445 1331 538 1403 pueris
566 1338 607 1388 tot
627 1349 721 1388 rerum
743 1338 824 1404 atque
846 1338 982 1392 tantarum
1006 1335 1101 1393 insitas
1123 1341 1151 1391 et

110 1437 193 1512 quasi
213 1436 387 1509 consignatas
408 1437 437 1494 in
458 1428 556 1495 a'nimis
578 1438 716 1513 notiones,
739 1455 808 1512 quas
830 1430 948 1508 ἐννοίας
969 1445 1078 1511 nocant,
1100 1438 1150 1494 ha·

111 1546 253 1618 heremus,
276 1543 331 1600 nisi
352 1544 471 1620 animus,
494 1551 642 1618 antequam
663 1546 693 1603 in
709 1563 810 1619 corpus
827 1546 994 1619 intrauisset,
1012 1544 1040 1600 in
1058 1559 1152 1601 rerum

112 1652 272 1724 cognitione
293 1651 438 1724 uiguisset.
491 1649 542 1712 58.
576 1655 723 1726 Quumque
752 1652 821 1709 nihil
847 1660 936 1727 esset,
965 1658 996 1710 ut
1023 1650 1152 1708 omnibus

113 1759 183 1817 locis
205 1776 222 1816 a
241 1759 358 1817 Platone
380 1758 525 1817 disseritur
548 1760 635 1827 (nihil
658 1759 732 1818 enim
753 1766 830 1833 putat
851 1777 929 1834 esse,
952 1760 1028 1833 qnod
1050 1758 1154 1815 oriatur

114 1872 143 1925 et
163 1867 288 1940 intereat,
309 1867 394 1940 idque
415 1870 506 1925 solnm
527 1885 600 1942 esse,
614 1868 689 1940 quod
706 1884 818 1941 semper
834 1869 888 1925 tale
906 1867 951 1941 sit,
969 1867 1051 1940 quale
1068 1857 1154 1922 oeteo

114 1975 238 2047 appellat
258 1970 317 2046 ille,
339 1991 391 2031 nos
413 1971 562 2048 speciem),
581 1993 636 2031 non
659 1975 748 2048 potnit
767 1974 876 2032 animus
897 1973 965 2032 hacc
986 1974 1015 2030 in
1036 1989 1155 2045 corpore
1245 1975 1247 1980 '

114 2080 240 2138 inclusus
262 2097 423 2155 agnoscere,
447 2081 556 2153 cognita
576 2081 675 2154 attulit,
698 2099 733 2140 ex
754 2100 810 2157 qno
832 2088 888 2139 tam
904 2082 1051 2138 multarum
1062 2096 1156 2137 rerum

115 2187 283 2260 cognitionis
310 2188 456 2245 admiratio
483 2189 598 2248 tollitur.
641 2190 740 2263 Neque
768 2207 800 2246 ea
828 2189 909 2262 plane
937 2187 1014 2246 uidet
1035 2188 1154 2260 animus,

116 2312 204 2370 quum
225 2301 339 2367 repente
360 2295 390 2352 in
411 2302 466 2352 tam
488 2296 630 2354 insolitum
651 2303 762 2370 nmque
779 2296 969 2370 perturbatum
985 2295 1156 2352 domicilium

116 2401 295 2477 immigrauit,
319 2403 368 2460 sed
391 2422 477 2477 quum
498 2421 528 2462 se
550 2404 663 2476 collegit
684 2411 765 2478 atque
786 2403 931 2476 recreauit,
953 2413 1011 2463 tum
1032 2400 1158 2476 agnoscit

118 2527 150 2567 ca
182 2509 393 2569 reminiscendo.
448 2512 490 2568 lta
516 2509 585 2568 nihil
617 2517 660 2569 est
685 2510 760 2568 aliud
788 2511 897 2570 discere
924 2506 978 2566 nisi
1007 2503 1156 2563 recordari.

118 2613 169 2677 59.
190 2618 254 2689 Ego
275 2623 367 2675 autem
389 2617 493 2674 maiore
515 2619 597 2675 etiam
615 2619 737 2691 quodam
753 2618 836 2674 modo
852 2614 1014 2674 memoriam
1025 2611 1156 2670 admiror.

119 2724 195 2794 Quid
222 2732 264 2782 est
293 2724 367 2783 enim
394 2724 475 2800 illud,
503 2743 560 2799 quo
589 2724 783 2797 meminimus,
811 2729 857 2780 ant
884 2739 967 2795 quam
991 2720 1076 2776 habet
1100 2718 1159 2775 uim

119 2838 166 2893 out
185 2832 260 2890 unde
282 2828 394 2889 natam?
416 2832 480 2888 Non
502 2849 617 2907 quaero,
629 2838 731 2906 quanta
748 2830 881 2888 memoria
893 2827 1054 2886 Simonides
1072 2824 1159 2883 luisse

119 2939 237 3013 dicatur,
259 2945 361 3012 quanta
373 2939 557 3014 Theodectes,
579 2946 681 3014 quanta
702 2939 736 3014 is,
759 2938 808 3012 qui
829 2957 845 2996 a
867 2939 974 3011 Pyrrho
996 2938 1103 3008 legatus
1124 2933 1160 2990 ad

120 3052 245 3105 senatum
267 3052 310 3103 est
330 3045 451 3121 missus,
479 3046 594 3122 Cineas,
616 3053 719 3120 quanta
739 3063 827 3119 nuper
849 3046 1027 3117 Charmadas,
1049 3046 1160 3115 quanta,

121 3153 170 3228 qui
189 3155 274 3211 modo
298 3152 359 3226 luit,
382 3153 513 3226 Scepsius
535 3155 724 3229 Metrodorus,
746 3160 847 3229 quanta
869 3148 1159 3220 nostcrllortensius3

121 3261 158 3319 de
179 3259 322 3318 communi
343 3260 488 3318 hominum
510 3262 646 3320 memoria
666 3263 769 3336 loquor
790 3268 937 3318 eteorum
962 3258 1090 3330 maxime,
1113 3252 1161 3327 qui

121 3367 150 3426 in
172 3367 266 3443 aliquo
287 3367 392 3426 maiore
414 3369 505 3426 studio
527 3376 555 3426 et
575 3377 633 3426 arte
654 3375 809 3441 uersentur,
828 3383 947 3442 quornm
965 3369 1065 3440 quanta
1082 3377 1161 3429 mens

122 3474 173 3549 sit,
195 3475 310 3533 difficile
332 3481 374 3532 est
395 3475 567 3550 existimare,
590 3475 627 3534 ita
647 3477 732 3534 multa
762 3475 953 3533 meminerunt.

190 3630 243 3679 nisi
260 3627 372 3693 record.)
388 3641 466 3691 quarn
483 3643 504 3678 r.
515 3628 546 3678 lt.
565 3642 599 3678 eac
617 3630 673 3678 coll.
684 3627 752 3681 Grrd.
765 3629 805 3677 etl.
824 3623 1033 3690 respondentem)
1050 3634 1161 3685 respon-

124 3715 183 3766 dem
207 3714 242 3777 lt.¹
266 3712 438 3777 cognoscere)
459 3712 690 3775 recognosceret).
725 3712 767 3761 58.
787 3712 855 3762 enirn
874 3708 959 3774 putat)
978 3723 1018 3759 en.
1037 3709 1080 3759 illc
1093 3722 1120 3770 p.
1130 3705 1161 3758 0.

14 3827 19 3834 x
123 3799 209 3850 solum
227 3799 294 3854 esse)
312 3799 361 3852 sol.
379 3807 449 3850 esset
463 3799 495 3848 ll.
531 3777 629 3854 ἰδέαν)
648 3800 773 3851 ideamR
817 3795 933 3861 collegit)
952 3795 1049 3857 colligit
1065 3795 1096 3844 ll.
1132 3806 1163 3845 e·
1205 3794 1212 3809 '

125 3884 226 3947 gnoscit
242 3882 292 3949 ea)
311 3895 368 3946 agn.
386 3883 476 3935 illa0.
514 3889 554 3935 cst
571 3885 660 3948 eliud)
687 3886 718 3935 al.
737 3882 817 3934 est0.
852 3881 894 3933 59.
913 3893 963 3942 ouo
982 3875 1162 3943 meminimus)

124 3969 192 4033 quod
211 3969 331 4020 mem-lt.
357 3966 447 4034 quarn)
464 3970 564 4034 queit,
581 3971 627 4020 sed
645 3984 712 4020 corr.
729 3971 758 4018 in
775 3980 861 4030 quarn.
890 3962 989 4032 natam)
1007 3970 1122 4015 naturam
1131 3963 1162 4013 n.

124 4058 218 4117 quanta
236 4049 278 4118 is)
294 4059 400 4115 quantas
419 4054 466 4116 lt,
500 4055 546 4104 sed
563 4068 632 4105 corr.
650 4055 679 4104 in
696 4061 789 4116 quanta
808 4054 840 4104 is.
876 4050 985 4117 Cineas)
1005 4051 1112 4102 Ccineos
1129 4048 1168 4100 ll.‘

126 4137 265 4205 Scepsius)
283 4134 426 4202 Secepsius
443 4141 474 4191 n.
510 4138 657 4205 hominum)
675 4140 789 4191 omnium
808 4139 831 4189 lt
