2610 4634
200 246 243 310 48
412 261 639 308 ruscuces..
672 262 1019 310 nrsrurarronun

201 453 249 527 qui
271 453 336 512 item
365 453 479 511 oraculo
509 453 584 511 edito
610 453 725 526 largitus
755 460 797 511 est
823 453 927 526 patriae
955 471 1037 512 suum
1066 455 1240 528 sanguinem.

200 560 346 634 lphigenia
356 560 458 618 Aulide
480 561 544 617 duci
566 578 596 617 se
618 561 814 618 immolandam
835 562 921 635 iubet,
934 568 965 617 ut
978 565 1241 622 hosttemelieiator

200 687 262 726 suo.
302 668 424 726 Ueniunt
444 669 509 725 inde
531 670 565 724 ad
588 670 728 741 propiora.
771 669 874 726 xllx.
896 669 1067 728 Harmodius
1089 671 1192 729 inore
1214 679 1242 730 et

199 776 370 849 Aristogit03
404 777 639 833 Lacedaemonius
666 775 821 850 Leonidas,
851 777 1003 835 Thebanus
1030 779 1240 850 Epaminondas

198 883 285 956 uiget.
328 885 445 940 Nostros
468 900 524 940 non
546 890 663 959 norunt,
686 900 756 955 quos
779 896 940 941 enumerare
961 901 1094 957 magnum
1116 894 1175 960 est3
1203 887 1241 946 ita

200 997 264 1048 sunt
288 991 377 1064 multi,
401 991 503 1064 quibus
525 991 653 1047 uidemus
676 991 814 1062 optabiles
835 998 939 1050 mortes
950 992 1044 1050 -luisse
1064 1010 1128 1049 cum
1140 994 1239 1066 gloria.

287 1098 357 1157 117.
389 1099 467 1166 Quae
493 1115 579 1171 quum
605 1097 642 1153 ita
671 1099 741 1172 sint,
770 1115 870 1172 magna
896 1106 987 1156 umen
1013 1099 1174 1174 eloquentia
1198 1109 1240 1159 est

198 1207 332 1264 utendum
359 1211 441 1279 atque
468 1207 505 1262 ita
532 1207 611 1263 uelut
638 1205 783 1278 superiore
812 1224 828 1263 e
855 1209 918 1263 loco
946 1208 1179 1283 contionandum,
1208 1216 1239 1267 ut

198 1314 326 1371 homines
348 1319 466 1370 mortem
486 1315 533 1370 uel
555 1319 650 1386 optare
671 1312 804 1385 incipiant
824 1313 871 1370 uel
889 1320 962 1370 certe
979 1315 1077 1371 timere
1093 1315 1239 1375 desistant.

199 1422 270 1478 Nam
292 1421 316 1478 si
338 1437 483 1494 supremus
505 1420 553 1477 ille
575 1420 635 1477 dies
656 1436 712 1476 non
741 1421 951 1495 extinctionem,
974 1423 1024 1479 sed
1045 1423 1239 1480 commutatio-

199 1545 264 1586 nem
285 1527 364 1584 affert
385 1528 455 1601 loci,
484 1528 551 1601 quid
581 1527 748 1602 optabilius3
782 1528 825 1585 sin
852 1535 944 1585 autem
971 1529 1082 1602 perimit
1109 1547 1142 1586 ac
1164 1530 1240 1588 delet

199 1635 330 1709 omnino,
358 1635 426 1708 quid
452 1635 552 1692 melius
580 1653 664 1708 quam
693 1634 723 1692 in
749 1636 850 1692 mediis
872 1637 944 1693 uitae
965 1637 1109 1694 laboribus
1132 1638 1238 1694 obdor-

198 1743 317 1800 miscere
338 1750 366 1800 et
386 1743 424 1800 ita
445 1743 639 1800 conniuentem
661 1759 760 1799 somno
777 1744 918 1816 consopiri
937 1741 1131 1816 sempiterno?
1152 1745 1237 1814 Quod

198 1851 222 1907 si
244 1851 301 1924 liat,
323 1850 423 1907 melior
443 1850 517 1906 Enni
539 1866 622 1922 quam
645 1850 757 1907 Solonis
784 1849 881 1908 oratio.
923 1849 979 1906 Hic
1000 1852 1074 1907 enim
1096 1858 1207 1927 noster,

238 1958 323 2015 Nono
346 1976 387 2013 me
409 1958 530 2014 lacrimis
552 1960 667 2032 decoret,
690 1956 789 2034 inquit,
812 1975 860 2015 nec
880 1960 982 2032 sonmo
1001 1960 1067 2030 (tero
1087 1958 1196 2016 Ferit!

197 2065 234 2123 ht
255 2081 322 2121 ucro
344 2064 392 2121 ille
414 2063 542 2137 sapiens:

238 2171 318 2230 Mors
340 2190 400 2229 mea
420 2189 454 2228 oe
476 2177 570 2228 careat
592 2161 724 2246 lacrimis,
748 2173 905 2245 linquamus
928 2175 1025 2231 ommia

238 2280 403 2353 dlaerorern,
425 2285 458 2336 ut
479 2281 608 2336 celebrent
628 2282 730 2354 faama
755 2298 815 2336 cum
835 2284 947 2352 gemitu.

272 2384 355 2446 418.
377 2387 436 2443 Nos
458 2405 537 2461 uero,
561 2387 584 2444 si
606 2389 674 2460 quid
695 2389 748 2444 tale
770 2387 910 2462 acciderit,
931 2394 959 2445 ut
981 2405 996 2444 a
1018 2387 1071 2444 deo
1089 2386 1236 2444 denuntia·

197 2499 256 2552 tum
277 2493 414 2568 uideatur,
438 2503 469 2552 ut
490 2511 620 2552 exeamus
644 2513 659 2552 e
681 2494 753 2571 uita,
781 2494 845 2552 laeti
873 2500 900 2550 et
921 2501 1033 2566 agentes
1063 2493 1164 2566 gratias
1186 2512 1236 2568 pa·

198 2619 307 2658 reamus
330 2602 472 2676 emittique
493 2620 544 2660 nos
567 2620 584 2660 e
606 2603 729 2661 custodia
759 2608 786 2658 et
813 2601 900 2659 leuari
929 2602 1029 2659 uinclis
1057 2602 1235 2675 arbitremur,

120 2725 125 2728 ·
186 2715 228 2766 ·ut
250 2715 297 2766 aut
317 2709 346 2766 in
368 2717 507 2768 aeternam
534 2717 561 2768 et
587 2712 669 2783 plane
695 2711 724 2767 in
752 2715 876 2767 nostram
904 2711 1017 2766 domum
1050 2710 1236 2781 remigremus

198 2823 245 2874 aut
273 2818 348 2874 omni
382 2835 465 2875 sensu
496 2817 679 2891 molestiaque
707 2835 865 2890 careamus3
895 2818 938 2874 sin
966 2823 1058 2873 autem
1086 2817 1157 2873 nihil
1185 2818 1236 2874 de·

197 2924 384 2998 nuntiabitur,
413 2942 446 2982 eo
474 2931 564 2981 tamen
587 2925 674 2981 simus
696 2927 804 2996 animo,
832 2931 862 2981 ut
883 2923 1046 2980 horribilem
1074 2941 1139 2980 eum
1161 2924 1237 2981 diem

197 3030 269 3104 aliis,
291 3030 373 3087 nobis
396 3031 516 3088 faustum
538 3037 666 3103 putemus
687 3031 813 3105 nihilque
836 3032 864 3087 in
886 3032 966 3087 malis
990 3032 1132 3104 ducamus,
1159 3034 1235 3104 quod

199 3137 302 3196 situel
330 3155 346 3194 a
374 3138 416 3194 dis
439 3137 640 3196 immortalibus
662 3139 709 3195 uel
731 3156 747 3195 a
769 3144 864 3195 natura
886 3145 998 3211 parente
1020 3138 1144 3194 omnium
1165 3151 1236 3196 'con-

196 3245 330 3304 stitutum.
373 3245 437 3301 Non
460 3246 534 3302 enim
555 3252 659 3303 temere
680 3263 732 3302 nec
753 3244 865 3302 fortuito
889 3245 940 3302 sati
967 3251 994 3300 et
1020 3245 1103 3301 creati
1125 3261 1235 3320 sumus,

196 3355 248 3411 sed
270 3353 395 3427 prolecto
418 3352 470 3409 fuit
491 3354 627 3427 quaedam
648 3353 702 3428 uis,
725 3370 796 3426 quae
818 3353 913 3424 generi
936 3353 1092 3409 consuleret
1112 3352 1237 3409 humano

196 3479 250 3518 nee
275 3461 304 3519 id
332 3461 458 3534 gigneret
485 3467 531 3518 aut
556 3463 659 3536 aleret,
689 3462 774 3535 quod,
797 3477 883 3532 quum
911 3458 1110 3518 exanclauisset
1138 3476 1236 3516 omnes

198 3571 326 3644 labores,
354 3576 413 3626 tum
434 3569 569 3626 incideret
589 3570 619 3626 in
640 3569 737 3625 mortis
759 3569 864 3624 malum
884 3567 1099 3643 sempiternum3
1114 3573 1235 3649 portum

199 3754 501 3768 ——ffl

266 3867 311 3935 qui
334 3873 415 3936 item)
431 3875 548 3940 ⁴quidem
563 3874 597 3924 R.
632 3877 676 3939 qni
702 3866 741 3926 0,
768 3869 1183 3937 hostlnthosttum1sanguis]
1203 3871 1235 3922 0.

198 3956 337 4024 propiora)
356 3960 485 4020 propriora
502 3958 544 4009 lt·
567 3959 657 4024 uiget)
680 3963 768 4016 utrem
784 3957 817 4012 0.
862 3955 919 4006 nr.
937 3956 1058 4021 perimit)
1076 3957 1185 4018 peremit
1201 3957 1234 4006 n.

196 4043 395 4111 conniuenteop)
866 4037 921 4103 sap.
938 4041 985 4092 ille*
999 4040 1033 4094 Ω.
1070 4040 1126 4091 118.
1145 4039 1235 4109 plane)

197 4127 314 4194 plenell
908 4124 977 4195 tara)
992 4127 1036 4179 oet
1053 4130 1105 4178 net
1122 4127 1156 4181 ln
1232 4140 1237 4159 -·
