<?xml version="1.0" encoding="UTF-8"?>
<!DOCTYPE html PUBLIC "-//W3C//DTD XHTML 1.0 Transitional//EN"
    "http://www.w3.org/TR/xhtml1/DTD/xhtml1-transitional.dtd">
<html xmlns="http://www.w3.org/1999/xhtml" xml:lang="en" lang="en">
 <head>
  <title>
</title>
<meta http-equiv="Content-Type" content="text/html;charset=utf-8" />
  <meta name='ocr-system' content='tesseract 3.04.00' />
  <meta name='ocr-capabilities' content='ocr_page ocr_carea ocr_par ocr_line ocrx_word'/>
</head>
<body>
  <div class='ocr_page' id='page_1' title='image "./tusculanarumdis00treggoog_0136.png"; bbox 0 0 2610 4634; ppageno 0'>
   <div class='ocr_carea' id='block_1_1' title="bbox 492 267 1165 330">
    <p class='ocr_par' dir='ltr' id='par_1_1' title="bbox 492 267 1165 330">
     <span class='ocr_line' id='line_1_1' title="bbox 492 267 1165 330; baseline 0.003 -2"><span class='ocrx_word' id='word_1_1' title='bbox 492 279 569 328; x_wconf 76' lang='lat' dir='ltr'>nrm</span> <span class='ocrx_word' id='word_1_2' title='bbox 591 267 642 325; x_wconf 90' lang='lat' dir='ltr'>lll.</span> <span class='ocrx_word' id='word_1_3' title='bbox 686 281 769 327; x_wconf 81' lang='lat' dir='ltr'>cnr.</span> <span class='ocrx_word' id='word_1_4' title='bbox 790 267 842 328; x_wconf 75' lang='lat'>27.</span> <span class='ocrx_word' id='word_1_5' title='bbox 1105 267 1165 330; x_wconf 83' lang='lat'>105</span> 
     </span>
    </p>
   </div>
   <div class='ocr_carea' id='block_1_2' title="bbox 74 469 1167 760">
    <p class='ocr_par' dir='ltr' id='par_1_2' title="bbox 74 469 1167 760">
     <span class='ocr_line' id='line_1_2' title="bbox 131 469 1167 546; baseline 0 -16"><span class='ocrx_word' id='word_1_6' title='bbox 131 473 167 530; x_wconf 90' lang='lat' dir='ltr'>nd</span> <span class='ocrx_word' id='word_1_7' title='bbox 188 470 351 530; x_wconf 89' lang='lat' dir='ltr'>maestitiam</span> <span class='ocrx_word' id='word_1_8' title='bbox 371 469 531 544; x_wconf 80' lang='lat' dir='ltr'>peccatique</span> <span class='ocrx_word' id='word_1_9' title='bbox 553 487 583 528; x_wconf 91' lang='lat' dir='ltr'>se</span> <span class='ocrx_word' id='word_1_10' title='bbox 605 470 775 546; x_wconf 78' lang='lat' dir='ltr'>insimulant,</span> <span class='ocrx_word' id='word_1_11' title='bbox 797 473 873 545; x_wconf 93' lang='lat' dir='ltr'>quod</span> <span class='ocrx_word' id='word_1_12' title='bbox 893 472 988 530; x_wconf 93' lang='lat' dir='ltr'>dolere</span> <span class='ocrx_word' id='word_1_13' title='bbox 1010 472 1167 530; x_wconf 89' lang='lat' dir='ltr'>intermise-</span> 
     </span>
     <span class='ocr_line' id='line_1_3' title="bbox 130 579 1166 652; baseline 0 -16"><span class='ocrx_word' id='word_1_14' title='bbox 130 580 197 638; x_wconf 80' lang='lat' dir='ltr'>rint.</span> <span class='ocrx_word' id='word_1_15' title='bbox 241 580 348 635; x_wconf 83' lang='lat' dir='ltr'>Pueros</span> <span class='ocrx_word' id='word_1_16' title='bbox 370 594 438 635; x_wconf 91' lang='lat' dir='ltr'>uero</span> <span class='ocrx_word' id='word_1_17' title='bbox 460 584 561 634; x_wconf 77' lang='lat' dir='ltr'>matres</span> <span class='ocrx_word' id='word_1_18' title='bbox 591 584 619 634; x_wconf 86' lang='lat' dir='ltr'>ct</span> <span class='ocrx_word' id='word_1_19' title='bbox 645 579 768 651; x_wconf 77' lang='lat' dir='ltr'><strong>magistri</strong></span> <span class='ocrx_word' id='word_1_20' title='bbox 796 579 930 652; x_wconf 81' lang='lat' dir='ltr'>castigare</span> <span class='ocrx_word' id='word_1_21' title='bbox 957 579 1038 636; x_wconf 87' lang='lat' dir='ltr'>etiam</span> <span class='ocrx_word' id='word_1_22' title='bbox 1066 582 1166 652; x_wconf 91' lang='lat' dir='ltr'>solent,</span> 
     </span>
     <span class='ocr_line' id='line_1_4' title="bbox 74 684 1167 760; baseline -0.003 -15"><span class='ocrx_word' id='word_1_23' title='bbox 74 738 83 757; x_wconf 85' lang='lat'>,</span> <span class='ocrx_word' id='word_1_24' title='bbox 129 704 184 745; x_wconf 86' lang='lat' dir='ltr'>nec</span> <span class='ocrx_word' id='word_1_25' title='bbox 204 685 300 743; x_wconf 88' lang='lat' dir='ltr'>uerbis</span> <span class='ocrx_word' id='word_1_26' title='bbox 322 686 423 760; x_wconf 91' lang='lat' dir='ltr'>solum,</span> <span class='ocrx_word' id='word_1_27' title='bbox 447 684 600 741; x_wconf 87' lang='lat' dir='ltr'>sedetiam</span> <span class='ocrx_word' id='word_1_28' title='bbox 622 685 797 757; x_wconf 89' lang='lat' dir='ltr'>uerberibus,</span> <span class='ocrx_word' id='word_1_29' title='bbox 829 688 852 743; x_wconf 91' lang='lat' dir='ltr'>si</span> <span class='ocrx_word' id='word_1_30' title='bbox 874 686 942 760; x_wconf 90' lang='lat' dir='ltr'>quid</span> <span class='ocrx_word' id='word_1_31' title='bbox 964 687 992 742; x_wconf 93' lang='lat' dir='ltr'>in</span> <span class='ocrx_word' id='word_1_32' title='bbox 1015 688 1167 744; x_wconf 89' lang='lat' dir='ltr'>domestico</span> 
     </span>
    </p>
   </div>
   <div class='ocr_carea' id='block_1_3' title="bbox 131 790 1281 868">
    <p class='ocr_par' dir='ltr' id='par_1_3' title="bbox 131 790 1281 868">
     <span class='ocr_line' id='line_1_5' title="bbox 131 790 1281 868; baseline -0.002 -17"><span class='ocrx_word' id='word_1_33' title='bbox 131 795 209 851; x_wconf 89' lang='lat' dir='ltr'>luctu</span> <span class='ocrx_word' id='word_1_34' title='bbox 231 792 346 849; x_wconf 87' lang='lat' dir='ltr'>lrilarins</span> <span class='ocrx_word' id='word_1_35' title='bbox 367 792 403 848; x_wconf 87' lang='lat' dir='ltr'>ab</span> <span class='ocrx_word' id='word_1_36' title='bbox 430 790 464 849; x_wconf 88' lang='lat' dir='ltr'>iis</span> <span class='ocrx_word' id='word_1_37' title='bbox 493 792 595 849; x_wconf 89' lang='lat' dir='ltr'>lactum</span> <span class='ocrx_word' id='word_1_38' title='bbox 623 799 665 849; x_wconf 90' lang='lat' dir='ltr'>est</span> <span class='ocrx_word' id='word_1_39' title='bbox 691 799 738 848; x_wconf 87' lang='lat' dir='ltr'>ant</span> <span class='ocrx_word' id='word_1_40' title='bbox 765 793 883 868; x_wconf 87' lang='lat' dir='ltr'>dictum,</span> <span class='ocrx_word' id='word_1_41' title='bbox 916 795 1167 866; x_wconf 76' lang='lat' dir='ltr'>plorare‘cogunt.</span> <span class='ocrx_word' id='word_1_42' title='bbox 1277 790 1281 798; x_wconf 84' lang='grc'>’</span> 
     </span>
    </p>
   </div>
   <div class='ocr_carea' id='block_1_4' title="bbox 106 896 1169 1401">
    <p class='ocr_par' dir='ltr' id='par_1_4' title="bbox 106 896 1169 1296">
     <span class='ocr_line' id='line_1_6' title="bbox 132 896 1168 974; baseline -0.001 -17"><span class='ocrx_word' id='word_1_43' title='bbox 132 896 229 972; x_wconf 78' lang='lat' dir='ltr'>Quid?</span> <span class='ocrx_word' id='word_1_44' title='bbox 251 899 313 974; x_wconf 90' lang='lat' dir='ltr'>ipsa</span> <span class='ocrx_word' id='word_1_45' title='bbox 335 898 464 955; x_wconf 82' lang='lat' dir='ltr'>remissio</span> <span class='ocrx_word' id='word_1_46' title='bbox 485 900 576 956; x_wconf 90' lang='lat' dir='ltr'>luctus</span> <span class='ocrx_word' id='word_1_47' title='bbox 597 915 683 972; x_wconf 90' lang='lat' dir='ltr'>quum</span> <span class='ocrx_word' id='word_1_48' title='bbox 706 906 748 956; x_wconf 86' lang='lat' dir='ltr'>cst</span> <span class='ocrx_word' id='word_1_49' title='bbox 769 896 925 972; x_wconf 88' lang='lat' dir='ltr'>eonsee‘uta,</span> <span class='ocrx_word' id='word_1_50' title='bbox 942 901 1168 972; x_wconf 88' lang='lat' dir='ltr'>intellectumque</span> 
     </span>
     <span class='ocr_line' id='line_1_7' title="bbox 131 1006 1169 1080; baseline -0.004 -14"><span class='ocrx_word' id='word_1_51' title='bbox 131 1015 175 1066; x_wconf 92' lang='lat' dir='ltr'>est</span> <span class='ocrx_word' id='word_1_52' title='bbox 195 1007 265 1064; x_wconf 88' lang='lat' dir='ltr'><strong>nihil</strong></span> <span class='ocrx_word' id='word_1_53' title='bbox 287 1006 385 1079; x_wconf 86' lang='lat' dir='ltr'>profici</span> <span class='ocrx_word' id='word_1_54' title='bbox 406 1007 566 1080; x_wconf 85' lang='lat' dir='ltr'>maerendo,</span> <span class='ocrx_word' id='word_1_55' title='bbox 588 1024 682 1063; x_wconf 91' lang='lat' dir='ltr'>nonne</span> <span class='ocrx_word' id='word_1_56' title='bbox 704 1022 749 1063; x_wconf 88' lang='lat' dir='ltr'>res</span> <span class='ocrx_word' id='word_1_57' title='bbox 766 1007 886 1064; x_wconf 81' lang='lat' dir='ltr'>declarat</span> <span class='ocrx_word' id='word_1_58' title='bbox 901 1007 987 1064; x_wconf 87' lang='lat' dir='ltr'>luisse</span> <span class='ocrx_word' id='word_1_59' title='bbox 999 1013 1086 1063; x_wconf 92' lang='lat' dir='ltr'>totum</span> <span class='ocrx_word' id='word_1_60' title='bbox 1097 1006 1169 1062; x_wconf 90' lang='lat' dir='ltr'>illud</span> 
     </span>
     <span class='ocr_line' id='line_1_8' title="bbox 129 1109 1169 1188; baseline -0.005 -15"><span class='ocrx_word' id='word_1_61' title='bbox 129 1109 343 1173; x_wconf 80' lang='lat' dir='ltr'>uoluntarium?</span> <span class='ocrx_word' id='word_1_62' title='bbox 377 1110 426 1171; x_wconf 78' lang='lat'>65.</span> <span class='ocrx_word' id='word_1_63' title='bbox 450 1113 524 1182; x_wconf 85' lang='lat' dir='ltr'><strong>Quid</strong></span> <span class='ocrx_word' id='word_1_64' title='bbox 545 1113 594 1170; x_wconf 90' lang='lat' dir='ltr'>ille</span> <span class='ocrx_word' id='word_1_65' title='bbox 617 1112 800 1171; x_wconf 84' lang='lat' dir='ltr'>Terentianus</span> <span class='ocrx_word' id='word_1_66' title='bbox 821 1113 882 1187; x_wconf 89' lang='lat' dir='ltr'>ipse</span> <span class='ocrx_word' id='word_1_67' title='bbox 914 1131 944 1171; x_wconf 92' lang='lat' dir='ltr'>se</span> <span class='ocrx_word' id='word_1_68' title='bbox 966 1114 1116 1188; x_wconf 90' lang='lat' dir='ltr'>poeniens,</span> <span class='ocrx_word' id='word_1_69' title='bbox 1139 1111 1169 1168; x_wconf 91' lang='lat' dir='ltr'>id</span> 
     </span>
     <span class='ocr_line' id='line_1_9' title="bbox 106 1203 1072 1296; baseline -0.007 -16"><span class='ocrx_word' id='word_1_70' title='bbox 106 1251 107 1254; x_wconf 34' lang='lat'>¹</span> <span class='ocrx_word' id='word_1_71' title='bbox 130 1228 174 1281; x_wconf 86' lang='lat' dir='ltr'>est</span> <span class='ocrx_word' id='word_1_72' title='bbox 195 1204 305 1278; x_wconf 77' lang='grc' dir='ltr'><strong>ἑαυτὸν</strong></span> <span class='ocrx_word' id='word_1_73' title='bbox 326 1203 574 1296; x_wconf 66' lang='grc' dir='ltr'>τιμωρούμενοςῖ</span> <span class='ocrx_word' id='word_1_74' title='bbox 1069 1211 1072 1218; x_wconf 84' lang='grc'><strong>“</strong></span> 
     </span>
    </p>

    <p class='ocr_par' dir='ltr' id='par_1_5' title="bbox 159 1306 816 1401">
     <span class='ocr_line' id='line_1_10' title="bbox 159 1306 816 1401; baseline 0 -17"><span class='ocrx_word' id='word_1_75' title='bbox 159 1306 161 1312; x_wconf 33' lang='lat'>¹</span> <span class='ocrx_word' id='word_1_76' title='bbox 216 1329 335 1384; x_wconf 79' lang='lat' dir='ltr'>Decreni</span> <span class='ocrx_word' id='word_1_77' title='bbox 357 1330 491 1399; x_wconf 75' lang='lat' dir='ltr'>tantisper</span> <span class='ocrx_word' id='word_1_78' title='bbox 512 1330 664 1383; x_wconf 80' lang='lat' dir='ltr'>meminus</span> <span class='ocrx_word' id='word_1_79' title='bbox 684 1330 816 1401; x_wconf 78' lang='lat' dir='ltr'>interior,</span> 
     </span>
    </p>
   </div>
   <div class='ocr_carea' id='block_1_5' title="bbox 128 1435 1169 2148">
    <p class='ocr_par' dir='ltr' id='par_1_6' title="bbox 128 1435 1169 2148">
     <span class='ocr_line' id='line_1_11' title="bbox 160 1435 948 1508; baseline -0.001 -15"><span class='ocrx_word' id='word_1_80' title='bbox 160 1501 166 1508; x_wconf 30' lang='lat'><strong>¹</strong></span> <span class='ocrx_word' id='word_1_81' title='bbox 217 1435 351 1505; x_wconf 68' lang='lat' dir='ltr'>Gnoses,</span> <span class='ocrx_word' id='word_1_82' title='bbox 373 1450 431 1489; x_wconf 87' lang='lat' dir='ltr'>meo</span> <span class='ocrx_word' id='word_1_83' title='bbox 453 1440 540 1505; x_wconf 72' lang='lat' dir='ltr'>ponto</span> <span class='ocrx_word' id='word_1_84' title='bbox 561 1436 662 1507; x_wconf 64' lang='lat' dir='ltr'>tmere,</span> <span class='ocrx_word' id='word_1_85' title='bbox 685 1437 749 1491; x_wconf 79' lang='lat' dir='ltr'>dum</span> <span class='ocrx_word' id='word_1_86' title='bbox 769 1437 836 1507; x_wconf 74' lang='lat' dir='ltr'>fiam</span> <span class='ocrx_word' id='word_1_87' title='bbox 855 1438 948 1492; x_wconf 84' lang='lat' dir='ltr'>miser.</span> 
     </span>
     <span class='ocr_line' id='line_1_12' title="bbox 130 1539 1169 1617; baseline -0.006 -16"><span class='ocrx_word' id='word_1_88' title='bbox 130 1543 187 1601; x_wconf 88' lang='lat' dir='ltr'>Hie</span> <span class='ocrx_word' id='word_1_89' title='bbox 208 1541 341 1617; x_wconf 80' lang='lat' dir='ltr'>decernit,</span> <span class='ocrx_word' id='word_1_90' title='bbox 363 1546 393 1596; x_wconf 94' lang='lat' dir='ltr'>ut</span> <span class='ocrx_word' id='word_1_91' title='bbox 414 1540 500 1598; x_wconf 92' lang='lat' dir='ltr'>miser</span> <span class='ocrx_word' id='word_1_92' title='bbox 521 1542 565 1598; x_wconf 90' lang='lat' dir='ltr'>sit.</span> <span class='ocrx_word' id='word_1_93' title='bbox 600 1543 674 1598; x_wconf 89' lang='lat' dir='ltr'>Num</span> <span class='ocrx_word' id='word_1_94' title='bbox 696 1541 758 1614; x_wconf 88' lang='lat' dir='ltr'>quis</span> <span class='ocrx_word' id='word_1_95' title='bbox 779 1542 863 1614; x_wconf 81' lang='lat' dir='ltr'>igitur</span> <span class='ocrx_word' id='word_1_96' title='bbox 880 1543 1028 1614; x_wconf 90' lang='lat' dir='ltr'>quicquam</span> <span class='ocrx_word' id='word_1_97' title='bbox 1045 1539 1169 1596; x_wconf 82' lang='lat' dir='ltr'>decernit</span> 
     </span>
     <span class='ocr_line' id='line_1_13' title="bbox 129 1646 258 1708; baseline -0.023 0"><span class='ocrx_word' id='word_1_98' title='bbox 129 1646 258 1708; x_wconf 80' lang='lat' dir='ltr'>inuitus?</span> 
     </span>
     <span class='ocr_line' id='line_1_14' title="bbox 215 1755 898 1829; baseline -0.003 -15"><span class='ocrx_word' id='word_1_99' title='bbox 215 1755 295 1814; x_wconf 83' lang='lat' dir='ltr'>Molo</span> <span class='ocrx_word' id='word_1_100' title='bbox 319 1757 427 1827; x_wconf 80' lang='lat' dir='ltr'>quidem</span> <span class='ocrx_word' id='word_1_101' title='bbox 447 1773 489 1812; x_wconf 85' lang='lat' dir='ltr'>mc</span> <span class='ocrx_word' id='word_1_102' title='bbox 510 1759 611 1829; x_wconf 79' lang='lat' dir='ltr'>quouis</span> <span class='ocrx_word' id='word_1_103' title='bbox 633 1759 747 1827; x_wconf 74' lang='lat' dir='ltr'>elpram</span> <span class='ocrx_word' id='word_1_104' title='bbox 767 1758 898 1829; x_wconf 75' lang='lat' dir='ltr'>deputem.</span> 
     </span>
     <span class='ocr_line' id='line_1_15' title="bbox 129 1859 1167 1936; baseline -0.006 -14"><span class='ocrx_word' id='word_1_105' title='bbox 129 1865 208 1923; x_wconf 76' lang='lat' dir='ltr'>llalo</span> <span class='ocrx_word' id='word_1_106' title='bbox 230 1879 261 1919; x_wconf 91' lang='lat' dir='ltr'>se</span> <span class='ocrx_word' id='word_1_107' title='bbox 282 1862 397 1934; x_wconf 82' lang='lat' dir='ltr'>dignum</span> <span class='ocrx_word' id='word_1_108' title='bbox 419 1862 540 1936; x_wconf 89' lang='lat' dir='ltr'>deputat,</span> <span class='ocrx_word' id='word_1_109' title='bbox 563 1863 617 1920; x_wconf 87' lang='lat' dir='ltr'>nisi</span> <span class='ocrx_word' id='word_1_110' title='bbox 639 1863 725 1919; x_wconf 89' lang='lat' dir='ltr'>miser</span> <span class='ocrx_word' id='word_1_111' title='bbox 747 1863 790 1920; x_wconf 79' lang='lat' dir='ltr'>sit.</span> <span class='ocrx_word' id='word_1_112' title='bbox 826 1863 913 1928; x_wconf 55' lang='lat' dir='ltr'>,Uides</span> <span class='ocrx_word' id='word_1_113' title='bbox 936 1878 1003 1933; x_wconf 79' lang='lat' dir='ltr'>crgo</span> <span class='ocrx_word' id='word_1_114' title='bbox 1027 1859 1167 1934; x_wconf 87' lang='lat' dir='ltr'>opinionis</span> 
     </span>
     <span class='ocr_line' id='line_1_16' title="bbox 131 1967 1167 2044; baseline -0.004 -18"><span class='ocrx_word' id='word_1_115' title='bbox 131 1987 204 2044; x_wconf 82' lang='lat' dir='ltr'>esse,</span> <span class='ocrx_word' id='word_1_116' title='bbox 226 1986 283 2025; x_wconf 91' lang='lat' dir='ltr'>uon</span> <span class='ocrx_word' id='word_1_117' title='bbox 305 1975 418 2026; x_wconf 90' lang='lat' dir='ltr'>naturae</span> <span class='ocrx_word' id='word_1_118' title='bbox 439 1970 552 2026; x_wconf 89' lang='lat' dir='ltr'>malum.</span> <span class='ocrx_word' id='word_1_119' title='bbox 595 1969 687 2042; x_wconf 87' lang='lat' dir='ltr'>Quid,</span> <span class='ocrx_word' id='word_1_120' title='bbox 711 1986 781 2042; x_wconf 89' lang='lat' dir='ltr'>qnos</span> <span class='ocrx_word' id='word_1_121' title='bbox 804 1985 847 2026; x_wconf 90' lang='lat' dir='ltr'>res</span> <span class='ocrx_word' id='word_1_122' title='bbox 871 1970 931 2041; x_wconf 86' lang='lat' dir='ltr'>ipsa</span> <span class='ocrx_word' id='word_1_123' title='bbox 952 1970 1049 2039; x_wconf 80' lang='lat' dir='ltr'>lugere</span> <span class='ocrx_word' id='word_1_124' title='bbox 1070 1967 1167 2040; x_wconf 85' lang='lat' dir='ltr'>prohi-</span> 
     </span>
     <span class='ocr_line' id='line_1_17' title="bbox 128 2073 1168 2148; baseline -0.005 -13"><span class='ocrx_word' id='word_1_125' title='bbox 128 2073 202 2135; x_wconf 82' lang='lat' dir='ltr'>bet?</span> <span class='ocrx_word' id='word_1_126' title='bbox 225 2082 255 2132; x_wconf 93' lang='lat' dir='ltr'>ut</span> <span class='ocrx_word' id='word_1_127' title='bbox 275 2076 349 2145; x_wconf 89' lang='lat' dir='ltr'>apud</span> <span class='ocrx_word' id='word_1_128' title='bbox 361 2076 515 2131; x_wconf 88' lang='lat' dir='ltr'>Homerum</span> <span class='ocrx_word' id='word_1_129' title='bbox 533 2076 708 2148; x_wconf 87' lang='lat' dir='ltr'>quotidianae</span> <span class='ocrx_word' id='word_1_130' title='bbox 728 2093 809 2133; x_wconf 89' lang='lat' dir='ltr'>neces</span> <span class='ocrx_word' id='word_1_131' title='bbox 822 2076 1005 2146; x_wconf 87' lang='lat' dir='ltr'>interitusque</span> <span class='ocrx_word' id='word_1_132' title='bbox 1017 2076 1168 2131; x_wconf 88' lang='lat' dir='ltr'>multorum</span> 
     </span>
    </p>
   </div>
   <div class='ocr_carea' id='block_1_6' title="bbox 128 2181 1221 3646">
    <p class='ocr_par' dir='ltr' id='par_1_7' title="bbox 128 2181 1221 3646">
     <span class='ocr_line' id='line_1_18' title="bbox 128 2181 1007 2256; baseline -0.007 -14"><span class='ocrx_word' id='word_1_133' title='bbox 128 2183 301 2243; x_wconf 86' lang='lat' dir='ltr'>sedationem</span> <span class='ocrx_word' id='word_1_134' title='bbox 322 2181 464 2239; x_wconf 87' lang='lat' dir='ltr'>maerendi</span> <span class='ocrx_word' id='word_1_135' title='bbox 486 2182 611 2256; x_wconf 82' lang='lat' dir='ltr'>atterunt,</span> <span class='ocrx_word' id='word_1_136' title='bbox 634 2185 707 2254; x_wconf 90' lang='lat' dir='ltr'>apud</span> <span class='ocrx_word' id='word_1_137' title='bbox 730 2200 813 2255; x_wconf 92' lang='lat' dir='ltr'>quem</span> <span class='ocrx_word' id='word_1_138' title='bbox 835 2182 871 2238; x_wconf 87' lang='lat' dir='ltr'>ita</span> <span class='ocrx_word' id='word_1_139' title='bbox 893 2181 1007 2237; x_wconf 89' lang='lat' dir='ltr'>dicitnr:</span> 
     </span>
     <span class='ocr_line' id='line_1_19' title="bbox 214 2289 994 2362; baseline -0.004 -15"><span class='ocrx_word' id='word_1_140' title='bbox 214 2289 342 2361; x_wconf 74' lang='lat' dir='ltr'>Nataque</span> <span class='ocrx_word' id='word_1_141' title='bbox 361 2291 444 2344; x_wconf 83' lang='lat' dir='ltr'>nimis</span> <span class='ocrx_word' id='word_1_142' title='bbox 465 2290 566 2345; x_wconf 81' lang='lat' dir='ltr'>multos</span> <span class='ocrx_word' id='word_1_143' title='bbox 590 2294 673 2362; x_wconf 80' lang='lat' dir='ltr'>atque</span> <span class='ocrx_word' id='word_1_144' title='bbox 695 2293 770 2346; x_wconf 84' lang='lat' dir='ltr'>omni</span> <span class='ocrx_word' id='word_1_145' title='bbox 791 2290 849 2345; x_wconf 85' lang='lat' dir='ltr'>lnce</span> <span class='ocrx_word' id='word_1_146' title='bbox 870 2291 994 2344; x_wconf 82' lang='lat' dir='ltr'>cedentes</span> 
     </span>
     <span class='ocr_line' id='line_1_20' title="bbox 218 2396 906 2468; baseline -0.001 -15"><span class='ocrx_word' id='word_1_147' title='bbox 218 2396 368 2468; x_wconf 79' lang='lat' dir='ltr'>Cernimus,</span> <span class='ocrx_word' id='word_1_148' title='bbox 390 2401 422 2450; x_wconf 82' lang='lat' dir='ltr'>ut</span> <span class='ocrx_word' id='word_1_149' title='bbox 442 2413 518 2451; x_wconf 83' lang='lat' dir='ltr'>nemo</span> <span class='ocrx_word' id='word_1_150' title='bbox 537 2400 631 2468; x_wconf 80' lang='lat' dir='ltr'>possit</span> <span class='ocrx_word' id='word_1_151' title='bbox 652 2414 775 2453; x_wconf 74' lang='lat' dir='ltr'>memore</span> <span class='ocrx_word' id='word_1_152' title='bbox 796 2414 906 2453; x_wconf 84' lang='lat' dir='ltr'>necare.</span> 
     </span>
     <span class='ocr_line' id='line_1_21' title="bbox 218 2501 1056 2576; baseline 0 -18"><span class='ocrx_word' id='word_1_153' title='bbox 218 2501 281 2570; x_wconf 73' lang='lat' dir='ltr'>Quo</span> <span class='ocrx_word' id='word_1_154' title='bbox 304 2505 394 2574; x_wconf 74' lang='lat' dir='ltr'>inopis</span> <span class='ocrx_word' id='word_1_155' title='bbox 416 2508 456 2558; x_wconf 85' lang='lat' dir='ltr'>est</span> <span class='ocrx_word' id='word_1_156' title='bbox 479 2518 596 2575; x_wconf 77' lang='lat' dir='ltr'>aequom</span> <span class='ocrx_word' id='word_1_157' title='bbox 618 2505 730 2560; x_wconf 74' lang='lat' dir='ltr'>tremulis</span> <span class='ocrx_word' id='word_1_158' title='bbox 751 2506 883 2560; x_wconf 84' lang='lat' dir='ltr'>rnendnre</span> <span class='ocrx_word' id='word_1_159' title='bbox 899 2509 1056 2576; x_wconf 84' lang='lat' dir='ltr'>percrnptos</span> 
     </span>
     <span class='ocr_line' id='line_1_22' title="bbox 216 2609 982 2684; baseline -0.001 -19"><span class='ocrx_word' id='word_1_160' title='bbox 216 2609 311 2666; x_wconf 82' lang='lat' dir='ltr'>Firmo</span> <span class='ocrx_word' id='word_1_161' title='bbox 334 2612 426 2666; x_wconf 81' lang='lat' dir='ltr'>animo</span> <span class='ocrx_word' id='word_1_162' title='bbox 450 2610 597 2666; x_wconf 76' lang='lat' dir='ltr'>ellectum</span> <span class='ocrx_word' id='word_1_163' title='bbox 620 2610 741 2667; x_wconf 81' lang='lat' dir='ltr'>lacrimis</span> <span class='ocrx_word' id='word_1_164' title='bbox 763 2611 843 2684; x_wconf 75' lang='lat' dir='ltr'>finire</span> <span class='ocrx_word' id='word_1_165' title='bbox 864 2613 982 2666; x_wconf 78' lang='lat' dir='ltr'>diurnis.</span> 
     </span>
     <span class='ocr_line' id='line_1_23' title="bbox 129 2715 1221 2796; baseline -0.007 -19"><span class='ocrx_word' id='word_1_166' title='bbox 129 2715 182 2777; x_wconf 82' lang='grc'>66.</span> <span class='ocrx_word' id='word_1_167' title='bbox 203 2717 281 2788; x_wconf 80' lang='lat' dir='ltr'>Ergo</span> <span class='ocrx_word' id='word_1_168' title='bbox 306 2715 335 2771; x_wconf 89' lang='lat' dir='ltr'>in</span> <span class='ocrx_word' id='word_1_169' title='bbox 357 2721 491 2788; x_wconf 88' lang='lat' dir='ltr'>potestate</span> <span class='ocrx_word' id='word_1_170' title='bbox 514 2723 556 2773; x_wconf 91' lang='lat' dir='ltr'>est</span> <span class='ocrx_word' id='word_1_171' title='bbox 577 2717 686 2773; x_wconf 89' lang='lat' dir='ltr'>abicere</span> <span class='ocrx_word' id='word_1_172' title='bbox 709 2719 851 2788; x_wconf 89' lang='lat' dir='ltr'>dolorem,</span> <span class='ocrx_word' id='word_1_173' title='bbox 880 2733 966 2790; x_wconf 91' lang='lat' dir='ltr'>quum</span> <span class='ocrx_word' id='word_1_174' title='bbox 986 2715 1074 2784; x_wconf 85' lang='lat' dir='ltr'>nelis,</span> <span class='ocrx_word' id='word_1_175' title='bbox 1097 2720 1168 2770; x_wconf 91' lang='lat' dir='ltr'>tem·</span> <span class='ocrx_word' id='word_1_176' title='bbox 1216 2788 1221 2796; x_wconf 16' lang='grc' dir='ltr'>χ</span> 
     </span>
     <span class='ocr_line' id='line_1_24' title="bbox 128 2821 1169 2898; baseline -0.004 -18"><span class='ocrx_word' id='word_1_177' title='bbox 128 2823 194 2897; x_wconf 87' lang='lat' dir='ltr'>pori</span> <span class='ocrx_word' id='word_1_178' title='bbox 215 2822 391 2880; x_wconf 89' lang='lat' dir='ltr'>semientem.</span> <span class='ocrx_word' id='word_1_179' title='bbox 441 2823 485 2879; x_wconf 75' lang='lat' dir='ltr'>An</span> <span class='ocrx_word' id='word_1_180' title='bbox 514 2829 556 2880; x_wconf 89' lang='lat' dir='ltr'>est</span> <span class='ocrx_word' id='word_1_181' title='bbox 577 2825 665 2880; x_wconf 91' lang='lat' dir='ltr'>ullum</span> <span class='ocrx_word' id='word_1_182' title='bbox 687 2832 795 2896; x_wconf 88' lang='lat' dir='ltr'>tempus</span> <span class='ocrx_word' id='word_1_183' title='bbox 818 2821 967 2898; x_wconf 82' lang='lat' dir='ltr'>(quonism</span> <span class='ocrx_word' id='word_1_184' title='bbox 988 2821 1101 2895; x_wconf 91' lang='lat' dir='ltr'>quidem</span> <span class='ocrx_word' id='word_1_185' title='bbox 1123 2837 1169 2877; x_wconf 91' lang='lat' dir='ltr'>res</span> 
     </span>
     <span class='ocr_line' id='line_1_25' title="bbox 128 2916 1168 3005; baseline -0.005 -16"><span class='ocrx_word' id='word_1_186' title='bbox 128 2931 160 2989; x_wconf 90' lang='lat' dir='ltr'>in</span> <span class='ocrx_word' id='word_1_187' title='bbox 182 2916 276 2987; x_wconf 78' lang='lat' dir='ltr'>nostm</span> <span class='ocrx_word' id='word_1_188' title='bbox 297 2935 431 3002; x_wconf 87' lang='lat' dir='ltr'>potestate</span> <span class='ocrx_word' id='word_1_189' title='bbox 453 2926 523 3005; x_wconf 81' lang='lat' dir='ltr'>cst),</span> <span class='ocrx_word' id='word_1_190' title='bbox 547 2930 590 2988; x_wconf 90' lang='lat' dir='ltr'>eui</span> <span class='ocrx_word' id='word_1_191' title='bbox 613 2948 668 2988; x_wconf 92' lang='lat' dir='ltr'>non</span> <span class='ocrx_word' id='word_1_192' title='bbox 686 2932 831 3004; x_wconf 83' lang='lat' dir='ltr'>ponendae</span> <span class='ocrx_word' id='word_1_193' title='bbox 851 2947 933 2986; x_wconf 85' lang='lat' dir='ltr'>curae</span> <span class='ocrx_word' id='word_1_194' title='bbox 950 2936 977 2986; x_wconf 92' lang='lat' dir='ltr'>et</span> <span class='ocrx_word' id='word_1_195' title='bbox 987 2927 1168 3001; x_wconf 85' lang='lat' dir='ltr'>aegritudinis</span> 
     </span>
     <span class='ocr_line' id='line_1_26' title="bbox 129 3033 1169 3112; baseline -0.002 -18"><span class='ocrx_word' id='word_1_196' title='bbox 129 3054 214 3094; x_wconf 77' lang='lat' dir='ltr'>musa</span> <span class='ocrx_word' id='word_1_197' title='bbox 234 3033 411 3093; x_wconf 76' lang='lat' dir='ltr'>seruiamns‘l</span> <span class='ocrx_word' id='word_1_198' title='bbox 445 3036 596 3095; x_wconf 85' lang='lat' dir='ltr'>Constabat</span> <span class='ocrx_word' id='word_1_199' title='bbox 624 3055 688 3110; x_wconf 92' lang='lat' dir='ltr'>eos,</span> <span class='ocrx_word' id='word_1_200' title='bbox 717 3038 765 3112; x_wconf 90' lang='lat' dir='ltr'>qni</span> <span class='ocrx_word' id='word_1_201' title='bbox 793 3038 983 3100; x_wconf 88' lang='lat' dir='ltr'>concidentem</span> <span class='ocrx_word' id='word_1_202' title='bbox 1004 3036 1169 3093; x_wconf 86' lang='lat' dir='ltr'>uulneribus</span> 
     </span>
     <span class='ocr_line' id='line_1_27' title="bbox 129 3142 1168 3217; baseline -0.004 -16"><span class='ocrx_word' id='word_1_203' title='bbox 129 3144 184 3203; x_wconf 82' lang='lat' dir='ltr'>Cn.</span> <span class='ocrx_word' id='word_1_204' title='bbox 196 3142 362 3216; x_wconf 87' lang='lat' dir='ltr'>Pompeium</span> <span class='ocrx_word' id='word_1_205' title='bbox 384 3142 529 3215; x_wconf 87' lang='lat' dir='ltr'>uidissent,</span> <span class='ocrx_word' id='word_1_206' title='bbox 552 3161 638 3217; x_wconf 91' lang='lat' dir='ltr'>quum</span> <span class='ocrx_word' id='word_1_207' title='bbox 659 3145 688 3200; x_wconf 92' lang='lat' dir='ltr'>in</span> <span class='ocrx_word' id='word_1_208' title='bbox 710 3144 759 3200; x_wconf 91' lang='lat' dir='ltr'>illo</span> <span class='ocrx_word' id='word_1_209' title='bbox 781 3144 843 3217; x_wconf 89' lang='lat' dir='ltr'>ipso</span> <span class='ocrx_word' id='word_1_210' title='bbox 866 3144 1046 3201; x_wconf 89' lang='lat' dir='ltr'>acerbissimo</span> <span class='ocrx_word' id='word_1_211' title='bbox 1068 3143 1168 3199; x_wconf 89' lang='lat' dir='ltr'>miser·</span> 
     </span>
     <span class='ocr_line' id='line_1_28' title="bbox 128 3248 1168 3324; baseline -0.001 -18"><span class='ocrx_word' id='word_1_212' title='bbox 128 3249 257 3322; x_wconf 85' lang='lat' dir='ltr'>rimoque</span> <span class='ocrx_word' id='word_1_213' title='bbox 280 3250 436 3321; x_wconf 88' lang='lat' dir='ltr'>spectaculo</span> <span class='ocrx_word' id='word_1_214' title='bbox 459 3250 512 3306; x_wconf 89' lang='lat' dir='ltr'>sibi</span> <span class='ocrx_word' id='word_1_215' title='bbox 535 3251 678 3324; x_wconf 87' lang='lat' dir='ltr'>timerent,</span> <span class='ocrx_word' id='word_1_216' title='bbox 708 3252 783 3324; x_wconf 83' lang='lat' dir='ltr'>quod</span> <span class='ocrx_word' id='word_1_217' title='bbox 806 3269 836 3308; x_wconf 89' lang='lat' dir='ltr'>se</span> <span class='ocrx_word' id='word_1_218' title='bbox 859 3253 947 3308; x_wconf 85' lang='lat' dir='ltr'>classe</span> <span class='ocrx_word' id='word_1_219' title='bbox 969 3249 1091 3308; x_wconf 90' lang='lat' dir='ltr'>hostium</span> <span class='ocrx_word' id='word_1_220' title='bbox 1113 3248 1168 3305; x_wconf 90' lang='lat' dir='ltr'>eir·</span> 
     </span>
     <span class='ocr_line' id='line_1_29' title="bbox 129 3354 1167 3430; baseline -0.004 -17"><span class='ocrx_word' id='word_1_221' title='bbox 129 3354 273 3413; x_wconf 85' lang='lat' dir='ltr'>eumlnsos</span> <span class='ocrx_word' id='word_1_222' title='bbox 301 3355 444 3430; x_wconf 89' lang='lat' dir='ltr'>uiderent,</span> <span class='ocrx_word' id='word_1_223' title='bbox 477 3357 546 3413; x_wconf 92' lang='lat' dir='ltr'>nihil</span> <span class='ocrx_word' id='word_1_224' title='bbox 576 3359 649 3414; x_wconf 88' lang='lat' dir='ltr'>alind</span> <span class='ocrx_word' id='word_1_225' title='bbox 679 3358 737 3414; x_wconf 79' lang='lat' dir='ltr'>trim</span> <span class='ocrx_word' id='word_1_226' title='bbox 766 3358 876 3430; x_wconf 79' lang='lat' dir='ltr'>egisse,</span> <span class='ocrx_word' id='word_1_227' title='bbox 910 3357 966 3414; x_wconf 90' lang='lat' dir='ltr'>nisi</span> <span class='ocrx_word' id='word_1_228' title='bbox 991 3363 1021 3412; x_wconf 91' lang='lat' dir='ltr'>nt</span> <span class='ocrx_word' id='word_1_229' title='bbox 1048 3355 1167 3425; x_wconf 82' lang='lat' dir='ltr'>remiges</span> 
     </span>
     <span class='ocr_line' id='line_1_30' title="bbox 129 3458 1167 3536; baseline -0.004 -17"><span class='ocrx_word' id='word_1_230' title='bbox 129 3463 315 3535; x_wconf 88' lang='lat' dir='ltr'>hortarentur,</span> <span class='ocrx_word' id='word_1_231' title='bbox 331 3470 358 3519; x_wconf 88' lang='lat' dir='ltr'>et</span> <span class='ocrx_word' id='word_1_232' title='bbox 374 3469 405 3520; x_wconf 88' lang='lat' dir='ltr'>ut</span> <span class='ocrx_word' id='word_1_233' title='bbox 425 3466 542 3521; x_wconf 90' lang='lat' dir='ltr'>salutem</span> <span class='ocrx_word' id='word_1_234' title='bbox 565 3458 782 3536; x_wconf 72' lang='lat' dir='ltr'>adipiscerentur</span> <span class='ocrx_word' id='word_1_235' title='bbox 804 3464 885 3536; x_wconf 81' lang='lat' dir='ltr'>luga3</span> <span class='ocrx_word' id='word_1_236' title='bbox 908 3469 1087 3535; x_wconf 89' lang='lat' dir='ltr'>posteaquam</span> <span class='ocrx_word' id='word_1_237' title='bbox 1110 3461 1167 3533; x_wconf 81' lang='lat' dir='ltr'>Ty·</span> 
     </span>
     <span class='ocr_line' id='line_1_31' title="bbox 128 3567 1168 3646; baseline -0.006 -18"><span class='ocrx_word' id='word_1_238' title='bbox 128 3587 193 3628; x_wconf 88' lang='lat' dir='ltr'>rum</span> <span class='ocrx_word' id='word_1_239' title='bbox 220 3569 378 3646; x_wconf 89' lang='lat' dir='ltr'>uenissent,</span> <span class='ocrx_word' id='word_1_240' title='bbox 410 3576 467 3627; x_wconf 88' lang='lat' dir='ltr'>tum</span> <span class='ocrx_word' id='word_1_241' title='bbox 495 3570 620 3628; x_wconf 87' lang='lat' dir='ltr'>aillietari</span> <span class='ocrx_word' id='word_1_242' title='bbox 648 3570 846 3644; x_wconf 85' lang='lat' dir='ltr'>lamentarique</span> <span class='ocrx_word' id='word_1_243' title='bbox 879 3569 1014 3641; x_wconf 89' lang='lat' dir='ltr'>coepisse.</span> <span class='ocrx_word' id='word_1_244' title='bbox 1070 3567 1168 3624; x_wconf 89' lang='lat' dir='ltr'>Timor</span> 
     </span>
    </p>
   </div>
   <div class='ocr_carea' id='block_1_7' title="bbox 128 3871 1170 4190">
    <p class='ocr_par' dir='ltr' id='par_1_8' title="bbox 128 3871 1170 4190">
     <span class='ocr_line' id='line_1_32' title="bbox 199 3871 1170 3940; baseline 0.002 -18"><span class='ocrx_word' id='word_1_245' title='bbox 199 3873 407 3935; x_wconf 84' lang='lat' dir='ltr'>intellectumque</span> <span class='ocrx_word' id='word_1_246' title='bbox 422 3873 475 3940; x_wconf 86' lang='lat' dir='ltr'>est)</span> <span class='ocrx_word' id='word_1_247' title='bbox 493 3875 670 3936; x_wconf 87' lang='lat' dir='ltr'>intellectaque</span> <span class='ocrx_word' id='word_1_248' title='bbox 689 3881 728 3925; x_wconf 90' lang='lat' dir='ltr'>est</span> <span class='ocrx_word' id='word_1_249' title='bbox 744 3876 797 3925; x_wconf 75' lang='grc' dir='ltr'>ΒΡ.</span> <span class='ocrx_word' id='word_1_250' title='bbox 833 3874 1040 3935; x_wconf 88' lang='lat' dir='ltr'>intellectumque</span> <span class='ocrx_word' id='word_1_251' title='bbox 1059 3871 1090 3924; x_wconf 91' lang='lat'>0.</span> <span class='ocrx_word' id='word_1_252' title='bbox 1125 3873 1170 3924; x_wconf 82' lang='grc'>65.</span> 
     </span>
     <span class='ocr_line' id='line_1_33' title="bbox 128 3955 1168 4023; baseline 0.002 -17"><span class='ocrx_word' id='word_1_253' title='bbox 128 3955 268 4021; x_wconf 81' lang='lat' dir='ltr'>poenisus)</span> <span class='ocrx_word' id='word_1_254' title='bbox 285 3959 404 4020; x_wconf 88' lang='lat' dir='ltr'>penitens</span> <span class='ocrx_word' id='word_1_255' title='bbox 424 3959 479 4009; x_wconf 76' lang='grc' dir='ltr'>ΒΡ.</span> <span class='ocrx_word' id='word_1_256' title='bbox 514 3959 650 4023; x_wconf 84' lang='lat' dir='ltr'>Chremes)</span> <span class='ocrx_word' id='word_1_257' title='bbox 668 3959 775 4009; x_wconf 82' lang='lat' dir='ltr'>Chreme</span> <span class='ocrx_word' id='word_1_258' title='bbox 794 3959 826 4008; x_wconf 90' lang='lat'>0.</span> <span class='ocrx_word' id='word_1_259' title='bbox 861 3972 926 4021; x_wconf 91' lang='lat' dir='ltr'>qnos</span> <span class='ocrx_word' id='word_1_260' title='bbox 944 3972 985 4008; x_wconf 88' lang='lat' dir='ltr'>res</span> <span class='ocrx_word' id='word_1_261' title='bbox 1004 3957 1072 4023; x_wconf 78' lang='lat' dir='ltr'>ipso)</span> <span class='ocrx_word' id='word_1_262' title='bbox 1100 3961 1168 4020; x_wconf 91' lang='lat' dir='ltr'>qnod</span> 
     </span>
     <span class='ocr_line' id='line_1_34' title="bbox 128 4042 1170 4110; baseline 0.001 -19"><span class='ocrx_word' id='word_1_263' title='bbox 128 4042 244 4105; x_wconf 74' lang='lat' dir='ltr'>resipss</span> <span class='ocrx_word' id='word_1_264' title='bbox 262 4042 295 4091; x_wconf 83' lang='lat' dir='ltr'>n.</span> <span class='ocrx_word' id='word_1_265' title='bbox 329 4043 397 4104; x_wconf 90' lang='lat' dir='ltr'>quod</span> <span class='ocrx_word' id='word_1_266' title='bbox 415 4044 470 4105; x_wconf 85' lang='lat' dir='ltr'>ipso</span> <span class='ocrx_word' id='word_1_267' title='bbox 488 4057 530 4093; x_wconf 90' lang='lat' dir='ltr'>res</span> <span class='ocrx_word' id='word_1_268' title='bbox 546 4045 577 4096; x_wconf 83' lang='lat' dir='ltr'>P.</span> <span class='ocrx_word' id='word_1_269' title='bbox 613 4042 944 4110; x_wconf 80' lang='lat' dir='ltr'>cadentes)ooremislt1³.</span> <span class='ocrx_word' id='word_1_270' title='bbox 977 4045 1018 4094; x_wconf 89' lang='lat'>66.</span> <span class='ocrx_word' id='word_1_271' title='bbox 1037 4057 1112 4095; x_wconf 83' lang='lat' dir='ltr'>curae</span> <span class='ocrx_word' id='word_1_272' title='bbox 1130 4043 1170 4105; x_wconf 88' lang='lat' dir='ltr'>et)</span> 
     </span>
     <span class='ocr_line' id='line_1_35' title="bbox 129 4116 670 4190; baseline -0.004 -12"><span class='ocrx_word' id='word_1_273' title='bbox 129 4138 198 4178; x_wconf 68' lang='lat' dir='ltr'>curn</span> <span class='ocrx_word' id='word_1_274' title='bbox 215 4126 269 4177; x_wconf 80' lang='lat' dir='ltr'>ttl’.</span> <span class='ocrx_word' id='word_1_275' title='bbox 302 4116 460 4190; x_wconf 81' lang='lat' dir='ltr'>allodtum)</span> <span class='ocrx_word' id='word_1_276' title='bbox 478 4134 531 4178; x_wconf 89' lang='lat' dir='ltr'>tum</span> <span class='ocrx_word' id='word_1_277' title='bbox 546 4129 619 4179; x_wconf 77' lang='lat' dir='ltr'>allud</span> <span class='ocrx_word' id='word_1_278' title='bbox 638 4128 670 4178; x_wconf 87' lang='lat'>0.</span> 
     </span>
    </p>
   </div>
   <div class='ocr_carea' id='block_1_8' title="bbox 0 0 1310 4634">
    <p class='ocr_par' dir='ltr' id='par_1_9' title="bbox 0 0 1310 4634">
     <span class='ocr_line' id='line_1_36' title="bbox 0 0 1310 4634; baseline 0 0"><span class='ocrx_word' id='word_1_279' title='bbox 0 0 1310 4634; x_wconf 95' lang='lat' dir='ltr'> </span> 
     </span>
    </p>
   </div>
  </div>
 </body>
</html>
