2610 4634
134 245 196 308 les
348 257 959 305 ruscorumnrsrcrarrouunr

133 450 192 507 bidi
220 449 377 508 annnorum
404 448 586 522 concitatique
614 456 723 521 motus,
752 449 844 506 auersi
866 467 883 506 a
904 449 1014 536 ratione
1037 459 1066 510 ct
1085 451 1172 511 inimi·

133 556 237 614 nissimi
259 558 359 614 mentis
381 556 509 629 uitaeque
525 556 699 628 tranquillae.
732 556 885 628 Important
902 557 977 614 enim
990 559 1173 632 aegritudines

133 665 228 721 anxias
257 671 338 737 atque.
371 664 483 720 acerbas
512 663 676 735 animosque
705 662 832 733 affligunt
864 670 892 721 et
918 665 1068 722 debilitant
1089 674 1172 738 metm
1216 668 1218 673 ’

133 770 218 827 iidem
239 770 409 827 inflammant
430 769 597 842 appetitione
620 769 715 841 nimia,
733 776 891 842 quamtum
910 771 1104 847 cupiditatem,
1119 779 1173 830 mm

131 877 279 934 libidinem
301 877 434 948 dicimus,
468 875 657 947 impotentiam
685 877 824 947 quandam
845 877 930 933 animi
959 894 975 935 a
997 879 1173 952 temperantia

132 991 161 1042 et
176 984 364 1041 moderatione
376 981 527 1054 plurimum
538 981 727 1039 dissidentem.
760 979 811 1041 35.
824 984 902 1052 Quae
914 984 940 1040 si
955 987 1070 1058 quando
1082 987 1173 1059 adepta

131 1090 186 1146 erit
209 1089 255 1162 id,
283 1091 359 1162 quod
382 1089 407 1145 ei
429 1088 512 1145 fuerit
533 1089 726 1162 concupitum,
756 1094 815 1146 tum
843 1090 932 1173 fertur
963 1091 1121 1166 alacritate,
1148 1099 1174 1150 nt

133 1196 204 1252 nibil
227 1195 252 1252 ei
274 1202 395 1269 constet,
419 1196 494 1268 quod
516 1201 593 1267 agat3
623 1201 653 1252 ut
674 1196 738 1269 ille,
761 1196 810 1268 qui
833 1198 1006 1269 uoluptatem
1028 1200 1114 1256 animi
1135 1200 1172 1256 ni-

133 1303 218 1359 miam
239 1319 378 1359 summum
400 1319 462 1358 esse
484 1318 608 1357 errorem
630 1302 784 1360 arbitratur.
817 1304 924 1361 Eorum
943 1303 1031 1376 igitur
1041 1308 1173 1364 malornm

133 1410 163 1468 in
184 1428 239 1468 una
261 1409 362 1466 uirtute
384 1409 473 1482 posita
495 1409 599 1465 sanatio
621 1415 672 1465 est.

220 1519 298 1575 XVI.
332 1517 406 1587 Quid
433 1524 525 1573 autem
550 1514 674 1573 est'non
695 1517 825 1574 miserius
854 1517 963 1591 solnm,
993 1519 1047 1575 sed
1067 1519 1172 1576 foedius

134 1627 218 1683 etiarn
240 1631 267 1681 et
288 1623 441 1681 deformius
463 1641 546 1696 quam
567 1623 739 1694 aegritudine
761 1624 824 1697 quis
846 1624 979 1697 afflictus,
1006 1626 1171 1700 debilitatus,

133 1728 254 1790 iacens?
276 1730 329 1787 Cui
344 1730 472 1786 miseriae
490 1730 633 1802 proximus
651 1728 737 1801 estis,
756 1730 803 1802 qui
822 1731 1052 1804 appropinquans
1063 1732 1172 1806 aliquod

134 1840 236 1894 malum
265 1837 363 1893 metuit
389 1837 614 1909 exanimatusque
643 1836 746 1909 pendet
766 1836 861 1893 animi.
915 1838 1007 1906 Quam
1030 1839 1090 1895 uim
1111 1838 1171 1897 mali

134 1944 320 2015 significantes
343 1945 440 2014 poetae
461 1942 623 2015 impendere
645 1944 720 2017 apud
740 1943 847 2000 interos
869 1959 968 2002 saxum
992 1946 1111 2004 Tantalo
1132 1947 1171 2004 ia·

132 2050 209 2107 ciunt

178 2156 220 2214 Ob
242 2157 343 2235 ecclesa
365 2160 504 2230 animique
524 2159 714 2230 impotentiam
735 2163 761 2214 et
782 2159 1079 2231 superbiloquentiam.

133 2265 176 2323 Ea
205 2265 358 2322 communis
387 2241 492 2336 poenn⁸
510 2265 640 2323 stultitiae
675 2272 737 2338 est3
770 2264 899 2321 omnibus
931 2265 1027 2343 enim,
1055 2281 1171 2340 quorum

133 2389 211 2429 mens
233 2373 364 2429 abhorret
385 2389 400 2428 a
423 2372 543 2447 ratione,
574 2389 685 2444 semper
712 2372 797 2445 aliqui
825 2372 887 2428 talis
909 2377 1001 2430 terror
1023 2372 1169 2446 impendet.

133 2477 185 2538 36.
213 2480 305 2552 Atque
332 2484 364 2534 ut
385 2479 437 2535 bae
458 2478 584 2536 tabificae
605 2478 705 2535 mentis
726 2479 950 2551 perturbationes
972 2470 1054 2552 sunt,
1083 2479 1169 2551 aegri·

115 2570 260 2644 ‘tudinem
287 2586 350 2643 dico
381 2593 409 2643 et
436 2593 558 2663 metum,
588 2586 628 2643 sic
654 2585 800 2642 hilariores
822 2586 903 2660 illae,
932 2587 1070 2659 cupiditas
1092 2586 1169 2644 auide

134 2680 245 2766 semper
266 2693 369 2767 aliquid
396 2699 529 2766 expetens
553 2699 579 2750 et
600 2693 689 2750 inanis
712 2694 854 2767 alacritas,
884 2693 911 2750 id
934 2700 977 2751 est
998 2694 1102 2751 laetitia
1123 2708 1169 2765 ge·

134 2802 235 2874 miens,
259 2817 316 2858 non
338 2802 455 2858 multum
476 2801 607 2858 differunt
628 2801 662 2857 ab
685 2799 811 2857 amentia.
853 2801 897 2856 Ex
919 2816 976 2872 quo
997 2799 1168 2873 intelligitur,

133 2908 224 2980 qualis
247 2908 295 2963 ille
317 2907 361 2976 sit,
385 2924 469 2981 quem
490 2913 548 2964 tum
569 2909 760 2979 moderatum,
784 2906 851 2963 alias
872 2908 1032 2966 modestum
1053 2913 1082 2964 et
1103 2914 1168 2964 tem·

134 3020 293 3085 parantem,
316 3012 384 3068 alias
396 3019 577 3069 constantem
600 3013 841 3086 continentemque
863 3013 991 3071 dicimus.
1035 3016 1168 3072 Nonnun-

131 3134 216 3192 quam
238 3118 306 3174 bace
326 3119 424 3175 eadem
444 3119 581 3177 uocabula
604 3119 638 3176 ad
668 3119 831 3190 frugalitatis
860 3137 963 3177 nomen
984 3129 1118 3195 tanquam
1137 3121 1169 3179 ed

131 3231 215 3298 eaput
237 3226 340 3283 referre
362 3228 502 3285 uolumus.
547 3227 706 3297 Quodnisi
734 3244 768 3284 eo
797 3228 909 3284 nomine
938 3227 1056 3284 uirtutes
1084 3227 1169 3285 conti·

131 3340 281 3408 nerentur,
311 3350 451 3406 nunquam
472 3335 509 3391 ita
531 3337 724 3407 peruulgatam
752 3334 823 3391 illud
852 3341 941 3406 esset,
970 3341 1000 3391 ut
1026 3335 1082 3392 iam
1105 3351 1169 3408 pro·

131 3441 213 3500 uerbi
229 3444 321 3500 locum
333 3440 479 3516 obtineret,
492 3442 635 3504 bominem
649 3442 723 3514 trugi
745 3442 837 3499 omnia
857 3427 933 3498 ¹recte
954 3442 1056 3499 iacere.
1088 3443 1170 3512 Quod

201 3680 281 3729 animi
300 3675 328 3744 a)
345 3679 430 3729 anima
448 3679 481 3732 Β.
516 3681 595 3730 enimi
613 3680 642 3729 P.
676 3679 718 3731 35.
737 3681 828 3742 adepte
846 3678 908 3744 erit)
925 3678 1129 3742 eademptaretur
1136 3680 1168 3730 n.

131 3775 162 3812 en
181 3767 347 3826 temptaretur
355 3764 384 3815 P.
420 3764 638 3828 lertnr)lert1lP.
677 3764 820 3814 elicrturO.
854 3761 997 3828 alacritate)
1014 3765 1168 3816 alacritatem

130 3845 162 3900 P.
197 3849 261 3897 nibil
279 3847 323 3912 el)
346 3849 410 3898 nibil
428 3854 467 3898 est
484 3849 516 3898 lt.
550 3849 614 3899 nibil
634 3861 692 3899 esso
709 3849 738 3898 P.
774 3850 837 3899 nibil
856 3848 888 3898 0.
925 3850 994 3910 quod
1011 3850 1090 3914 agot)
1107 3850 1167 3912 quid

129 3934 189 3991 ngat
205 3930 259 3980 ΒΡ.
294 3931 512 3998 exanimatusque)
530 3933 686 3984 exanimatus
703 3933 770 3985 Non.
786 3947 814 3996 p.
830 3933 897 3983 498.
932 3934 1011 3995 aliqui
1029 3933 1103 3998 talis)
1120 3936 1169 3985 eli-

130 4015 193 4077 quid
211 4015 268 4064 uliis
285 4016 338 4069 nr.
370 4017 411 4066 36.
429 4017 494 4082 bae)
511 4017 554 4068 Sic
570 4017 638 4069 Non.
653 4033 682 4081 p.
700 4016 764 4068 17⁹.
800 4019 853 4067 brec
870 4019 901 4068 lt.
928 4025 954 4069 et
970 4016 1168 4082 temperantem)

130 4103 312 4162 temperantem
330 4099 362 4152 lt.
397 4100 476 4164 recte)
498 4108 565 4152 recta
582 4103 636 4152 BP.
