2610 4634
481 301 543 346 nro.
569 290 603 345 ll.
648 301 718 346 css.
743 288 834 348 1-2.
898 306 904 318 ·
1122 289 1176 376 ’51

140 495 294 561 comparat
335 485 367 546 3.
395 490 560 563 Quanquam
586 506 642 547 non
671 508 767 547 sumus
784 447 889 562 ⁴ignari
920 493 1022 550 mullos
1052 497 1176 554 studiose

139 603 236 653 contra
258 612 320 652 esse
342 596 480 669 dicturos,
509 598 583 670 quod
606 596 693 653 uitare
720 599 799 654 nullo
814 599 910 655 -modo
938 599 1092 674 potuimus,
1121 595 1175 660 nisi

138 703 209 760 nihil
233 702 345 759 omnino
363 701 556 760 scriberemus.
589 694 700 759 Etenim
722 704 746 760 si
768 704 916 776 orationes,
939 722 1007 779 quas
1028 723 1080 763 nos
1101 711 1174 766 mul·

137 808 264 866 titudinis
285 808 389 865 iudicio
410 809 523 881 probari
540 811 719 882 nolebamus,
742 811 883 882 popularis
906 818 948 868 est
969 813 1043 868 euim
1064 813 1111 870 illa
1133 815 1175 870 la·

127 912 242 987 «cultas,
271 923 299 972 et
326 915 439 972 effeetus
467 916 640 987 eloquentiae
666 923 709 973 est
736 917 904 974 audientium
925 921 1103 993 approbati03
1125 923 1175 979 sed

138 1023 164 1079 si
192 1023 402 1094 reperiebantur
429 1021 571 1095 nonnulli,
599 1021 648 1093 qui
675 1022 743 1077 nihil
772 1025 929 1098 laudarent,
957 1027 1012 1082 nisi
1040 1027 1116 1098 quod
1143 1045 1174 1085 se

137 1127 240 1197 imitari
258 1124 345 1200 'posse
363 1128 541 1200 confiderent,
564 1143 702 1201 quemque
724 1131 853 1201 sperandi
875 1130 940 1202 sibi,
962 1132 1081 1189 eundem
1102 1135 1174 1198 bene

68 1306 75 1313 ·
136 1233 249 1291 dicendi
269 1235 354 1290 finem
375 1240 563 1307 proponerent
584 1241 621 1307 et,
643 1249 729 1306 quum
756 1236 940 1294 obruerentur
960 1240 1040 1309 copia
1062 1245 1172 1297 senten-

137 1342 237 1398 tiarum
260 1347 342 1413 atque
363 1341 530 1414 uerborum,
559 1341 727 1398 ieiunitatem
756 1348 783 1398 et
811 1341 911 1399 famem
934 1359 965 1399 se
985 1346 1068 1400 malle
1090 1362 1173 1417 quam

137 1449 293 1504 ubertatem
315 1453 343 1503 et
363 1447 471 1520 copiam
493 1447 616 1503 dicerent
643 1441 736 1524 (unde
765 1454 823 1503 erat
844 1455 970 1505 exortum
992 1466 1080 1519 genus
1101 1452 1171 1508 Atti-

137 1570 236 1610 corum
262 1553 296 1611 iis
324 1552 409 1626 ipsis,
438 1552 486 1626 qui
507 1553 536 1609 id
564 1553 643 1626 sequi
666 1569 696 1609 se
717 1553 931 1627 profitebantur,
954 1555 1095 1630 ignotum3
1125 1557 1172 1631 qui

135 1660 191 1717 iem
204 1659 395 1718 conticuerunt
406 1677 494 1732 paene
505 1659 613 1732 abipso
626 1659 689 1715 loro
703 1655 811 1731 irrisi):
832 1659 863 1718 4.
875 1660 942 1732 quid
957 1660 1078 1718 futurum
1091 1670 1171 1735 puta-

135 1783 210 1840 mus,
232 1783 319 1840 quum
340 1767 465 1823 adiutore
486 1768 602 1839 populo,
624 1782 681 1838 quo
697 1765 843 1823 utebamur
864 1775 1038 1838 antea,nunc
1060 1769 1172 1826 minime

136 1890 189 1931 nos
216 1873 257 1930 uti
284 1889 368 1944 posse
395 1869 562 1930 uideamus?
601 1873 653 1928 Est
680 1872 756 1928 euim
781 1872 959 1944 philosophia
987 1874 1082 1947 paucis
1104 1893 1171 1932 cou-

135 1986 211 2037 tenta
237 1979 393 2053 iudicibus,
423 1978 626 2035 multitudinem
653 1979 779 2034 consulto
800 1979 860 2050 ipsa
881 1978 992 2050 lugiens
1014 1980 1095 2053 eique
1116 1981 1171 2055 ipsi
1216 2011 1219 2015 ·

136 2093 164 2144 et
184 2093 312 2159 suspecta
333 2068 368 2142 et*
380 2082 480 2158 inuisa,
503 2086 599 2158 utuel,
622 2084 647 2142 si
668 2084 730 2158 quis
742 2085 901 2141 uniuersam
913 2085 980 2141 uelit
1000 2087 1169 2160 uituperare,

134 2194 259 2250 secundo
291 2172 320 2249 id
352 2193 457 2266 populo
486 2191 576 2248 lacere
602 2191 706 2265 possit,
735 2193 782 2247 uel
804 2190 878 2247 siin
902 2208 978 2263 eam,
1004 2171 1090 2265 quam
1119 2211 1170 2250 nos

133 2300 255 2357 maxime
276 2299 428 2373 sequimur,
451 2304 566 2354 conetur
583 2297 725 2369 inuadere,
747 2313 846 2367 magna
858 2297 960 2354 habere
981 2298 1070 2370 possit
1091 2301 1169 2355 auxi·

134 2406 172 2464 lia
199 2424 216 2463 a
244 2407 416 2479 reliquorum
448 2403 679 2477 philosophorum
712 2404 876 2476 disciplinis.
921 2405 958 2459 ll.
987 2405 1046 2461 Nos
1079 2412 1169 2462 autem

133 2514 281 2570 uniuersae
302 2511 496 2585 philosophiae
523 2511 756 2582 uituperatorihus
778 2510 973 2581 respondimus
996 2511 1024 2567 in
1045 2512 1168 2568 Horten·

133 2620 194 2693 sio;
215 2636 268 2692 pro
278 2617 427 2676 Academia
448 2624 621 2689 autemquae
642 2617 759 2673 dicenda
780 2623 883 2689 essent,
906 2616 971 2671 satis
993 2624 1118 2672 accurate
1139 2616 1169 2672 in

132 2727 306 2784 Academicis
328 2731 457 2798 quattuor
477 2723 556 2780 libris
568 2724 701 2796 explicata
722 2722 901 2793 arbitramor3
924 2722 974 2776 sed
996 2727 1086 2777 lamen
1108 2729 1168 2778 tan-

132 2841 193 2891 tum
213 2833 307 2904 abest,
336 2837 366 2888 ut
388 2829 473 2888 scribi
495 2837 590 2886 contra
610 2846 662 2886 nos
684 2827 830 2900 nolimus,
844 2834 874 2884 ut
894 2827 923 2884 id
946 2827 1027 2884 etiam
1049 2829 1167 2885 maxime

132 2947 271 3013 optemus.
313 2939 347 2994 ln
369 2938 430 3010 ipsa
456 2937 531 2993 enim
558 2935 672 2993 Graecia
699 2933 875 3007 philosophia
903 2941 976 2991 huto
1004 2935 1034 2991 in
1060 2935 1167 2992 honore

131 3063 274 3118 nunquam
300 3045 414 3116 luisset,
443 3042 497 3100 nisi
519 3041 743 3099 doctissimorum
771 3041 992 3099 contentionibus
1014 3041 1167 3100 dissensio·

129 3152 271 3226 nibusque
291 3151 437 3223 uiguisset.
826 3226 830 3234 ,

216 3257 247 3318 5·
271 3259 460 3327 Quamobrem
480 3257 577 3313 hortor
598 3273 711 3329 omnes,
740 3256 788 3328 qui
811 3255 902 3312 lacere
923 3255 952 3311 id
981 3263 1113 3329 possunt,
1136 3264 1168 3314 ut

130 3365 216 3422 huius
245 3381 357 3439 quoque
379 3364 488 3437 generis
517 3364 627 3420 laudem
654 3364 708 3419 iam
735 3364 875 3435 languenti
897 3363 1027 3422 Graeciae
1050 3362 1167 3434 eripiant

130 3479 160 3529 et
180 3471 321 3544 perierant
342 3471 370 3527 in
392 3472 462 3528 hauc
484 3470 592 3543 urbem,
610 3469 681 3525 sicut
693 3469 815 3541 reliquas
830 3486 937 3541 omnes,
960 3485 1031 3541 quae
1052 3468 1166 3539 quidem

129 3584 209 3636 eram
239 3577 424 3650 expetendae,
457 3575 549 3633 studio
580 3582 662 3648 atque
693 3574 831 3630 industria
852 3591 901 3631 sua
929 3575 1049 3630 maiores
1077 3575 1165 3631 nostri

128 3682 337 3741 haustulerunt.
379 3683 470 3755 Atque
498 3687 639 3738 oratorum
665 3679 778 3753 quidem
806 3680 867 3737 laus
894 3680 930 3737 ita
950 3680 1033 3736 ducta
1054 3681 1089 3736 ab
1111 3681 1164 3736 hu·

129 3791 190 3848 mili
212 3789 289 3846 uenit
308 3789 344 3846 ad
365 3804 520 3860 summum,
542 3792 573 3842 ut
594 3785 666 3861 iam,
695 3787 770 3859 quod
793 3793 888 3842 natura
911 3785 965 3841 lert
985 3787 1014 3842 in
1036 3787 1164 3843 omnihus

196 3953 223 4002 8.
242 3953 413 4018 nolebamus)
435 3956 496 4004 add.
514 3969 563 4005 non
583 3955 779 4016 comprobentur
795 3956 826 4004 ll.
863 3954 994 4017 exortum)
1012 3961 1112 4003 exortos
1132 3955 1164 4005 R.

128 4035 155 4085 4.
171 4037 266 4086 curtlia
284 4038 314 4098 a)
338 4039 430 4089 auxilia
448 4040 479 4087 R.
514 4037 541 4087 5.
560 4037 700 4102 Graeciae)
725 4039 820 4088 Grecis
841 4039 875 4095 ll.
912 4039 1053 4100 perferant)
1072 4039 1164 4099 prele-

126 4125 184 4169 rant
199 4121 232 4172 R.

925 4222 960 4272 μ
