2610 4634
176 268 224 330 20
392 282 623 329 rasennam.
658 283 1003 330 oisrurnrronun

179 491 253 549 quae
273 481 316 531 est
336 489 405 530 anus
425 480 481 531 mm
503 471 600 548 delira,
622 489 694 546 quae
713 474 809 532 timeat
829 475 894 550 ista,
920 492 991 549 quac
1007 491 1059 533 uos
1075 475 1216 550 uidelicet,

181 582 206 640 si
227 581 341 655 physica
362 598 419 638 non
441 580 619 655 didicissetis,
642 580 786 656 timeretis,

179 687 350 748 Acherunsia
360 689 461 762 templo
473 688 533 745 alta
545 686 651 745 Orci...
668 689 781 763 pallida
796 690 998 763 attentatae
1017 692 1132 748 teochrt's
1145 691 1215 748 loco.

264 798 327 854 Non
343 797 430 868 pudet
440 795 637 869 philosophum
656 796 684 853 in
702 814 735 852 eo
747 795 874 870 gloriari,
888 770 964 870 qnod
977 798 1045 855 haec
1055 816 1111 854 non
1123 798 1217 856 timeat

178 912 207 963 et
227 905 303 978 quod
329 903 398 959 laisa
421 920 482 960 esse
504 901 688 975 cognouerit?
720 905 745 959 E
773 921 828 977 quo
857 905 974 976 intelligi
998 911 1104 978 potest,
1132 922 1216 979 quam

180 1011 251 1069 acuti
270 1018 365 1067 natura
387 1011 450 1084 sint,
472 1010 603 1083 quoniam
624 1010 694 1068 hacc
716 1010 775 1067 sine
797 1011 921 1068 doctrina
943 1012 1073 1070 credituri
1095 1011 1215 1070 suerunt.

178 1117 230 1178 49.
248 1118 424 1175 Praeclarum
441 1125 531 1174 autem
549 1117 643 1174 nescio
665 1117 733 1189 quio
755 1118 846 1191 adepti
868 1124 940 1193 sunt,
964 1121 1040 1192 quod
1061 1119 1233 1177 didicerunt

180 1244 226 1299 se,
249 1242 335 1299 quum
357 1231 464 1298 tempus
487 1225 582 1282 mortis
604 1224 741 1300 uenisset,
763 1231 836 1283 totos
858 1243 920 1283 esse
942 1227 1096 1300 perituros,
1133 1228 1216 1296 Quod

179 1340 210 1390 ot
229 1333 266 1390 ita
288 1332 325 1389 sit
346 1332 426 1398 (nihil
449 1332 522 1389 enim
545 1333 666 1408 pugno),
690 1334 756 1406 quid
779 1333 862 1391 habet
884 1333 935 1391 ista
956 1351 1002 1391 res
1024 1342 1071 1392 aut
1087 1335 1216 1393 laetabile

179 1448 227 1498 aut
247 1436 425 1512 gloriosum?
457 1441 517 1496 Nec
538 1446 629 1497 tamen
650 1440 719 1497 mihi
742 1457 808 1498 sane
832 1443 980 1514 quicquam
1002 1441 1137 1517 occurrit,
1166 1459 1216 1498 cur

179 1567 235 1606 non
257 1549 430 1622 Pythagorae
452 1546 487 1604 sit
509 1554 536 1605 et
555 1548 680 1607 Platonis
703 1566 770 1605 uera
792 1549 934 1605 sententia.
979 1549 1014 1606 Ut
1035 1550 1109 1605 enim
1130 1548 1214 1605 ratio

124 1680 128 1695 .-
178 1673 243 1712 nem
264 1657 343 1712 Plato
366 1656 471 1712 nullam
493 1654 602 1713 afferret
629 1656 732 1728 (uide,
759 1655 827 1728 quid
850 1655 956 1712 homini
977 1649 1132 1733 tribuam),
1154 1656 1216 1728 ipsa

177 1762 337 1819 auctoritate
358 1776 403 1817 me
432 1760 587 1835 frangerem
619 1768 660 1818 tot
685 1767 777 1818 autem
804 1762 924 1820 rationes
949 1763 1051 1837 attulit,
1081 1768 1110 1819 ut
1141 1764 1215 1842 uelle

176 1871 288 1941 ceteris,
311 1867 365 1924 sihi
386 1875 461 1926 certe
482 1867 655 1941 persuasisse
676 1868 811 1926 uideatur.

262 1976 357 2033 XXll.
385 1972 435 2034 50.
465 1977 522 2034 Sed
543 1975 657 2049 plurimi
685 1984 780 2035 contra
808 1977 929 2034 nituntur
950 1979 1113 2050 animosque
1135 1977 1215 2050 quasi

179 2082 268 2156 capite
290 2084 431 2140 damnatos
453 2084 689 2158 mortemultant,
711 2102 802 2158 neque
825 2084 900 2141 aliud
922 2091 964 2142 est
983 2085 1144 2157 quicquam,
1167 2102 1216 2141 cur

178 2190 350 2248 incredibilis
377 2189 411 2247 iis
440 2190 596 2248 animorum
626 2192 752 2249 uideatur
783 2193 946 2265 aeternitas,
980 2191 1034 2248 nisi
1060 2193 1138 2265 quod
1164 2209 1215 2249 nc·

179 2305 294 2373 queunt,
317 2297 407 2371 qualis
431 2297 537 2356 animus
560 2298 596 2355 sit
616 2316 717 2356 uacans
739 2317 867 2374 corpore,
890 2299 1045 2371 intelligere
1067 2305 1095 2356 et
1110 2299 1215 2371 cogita·

177 2406 253 2462 tione
275 2404 517 2478 comprehendere.
550 2407 635 2474 Quasi
659 2424 726 2464 uero
748 2406 910 2482 intelligant,
933 2407 1023 2480 qualis
1045 2408 1081 2464 sit
1101 2408 1131 2464 in
1152 2407 1214 2481 ipso

178 2529 306 2588 corpora,
332 2529 403 2586 quac
424 2512 622 2587 conformatio,
645 2531 716 2588 quae
737 2514 912 2588 magnitudo,
936 2513 984 2587 qui
1006 2515 1100 2588 locus,
1122 2522 1167 2589 ut,
1189 2513 1215 2572 si

178 2618 234 2678 iam
255 2628 369 2694 possent
389 2620 418 2678 iu
439 2620 552 2679 homine
573 2621 639 2680 uiuo
661 2623 738 2679 cerni
760 2622 862 2695 omnia,
880 2638 952 2694 guae
970 2639 1043 2678 nunc
1060 2628 1129 2679 tecta
1141 2628 1214 2697 sunt,

177 2729 328 2786 casurusne
356 2729 385 2785 in
413 2737 591 2802 conspectum
617 2730 745 2788 uideatur
772 2709 895 2803 animus,
929 2745 964 2786 an
991 2735 1065 2785 anta
1091 2729 1127 2787 sit
1154 2729 1214 2789 cius

177 2834 311 2908 tenuitas,
332 2842 363 2893 ut
384 2834 471 2907 fugiat
491 2836 587 2893 aciem.
631 2835 681 2895 51.
703 2837 781 2893 Haec
803 2842 930 2909 reputent
950 2835 1012 2910 isti,
1041 2836 1090 2909 qui
1111 2845 1215 2910 negant

177 2941 300 2998 animum
321 2942 382 2998 sine
403 2959 521 3016 corpore
543 2959 574 3001 se
595 2943 751 3014 intelligere
772 2959 872 3016 posse3
900 2942 1051 3018 uidebant,
1080 2961 1164 3016 quem
1185 2945 1214 3001 in

84 3036 89 3047 ⁶
178 3046 241 3119 ipso
264 3064 380 3120 corpore
403 3048 564 3123 intelligant
607 3049 677 3111 Mihi
699 3048 813 3123 quidem
840 3056 966 3107 naturam
993 3050 1077 3107 animi
1099 3051 1214 3109 intuenti

168 3155 265 3211 ‘multo
288 3154 431 3213 difficilior
457 3157 576 3215 occurrit
603 3157 733 3231 cogitatio
760 3158 903 3231 multoque
930 3157 1090 3231 ohscurior,
1123 3160 1214 3232 qualis

178 3261 288 3320 animus
313 3263 342 3320 in
370 3281 488 3338 corpore
520 3265 556 3322 sit
585 3271 716 3338 uuquam
742 3265 849 3322 alienae
877 3264 969 3339 domi,
1002 3282 1086 3339 quam
1112 3266 1213 3339 qualis,

179 3387 267 3444 quum
284 3371 382 3428 exierit
397 3379 425 3430 et
441 3375 470 3429 in
492 3372 611 3430 liberum
632 3373 741 3428 coelum
762 3372 842 3446 quasi
864 3373 979 3429 domum
997 3390 1075 3430 suam
1097 3373 1214 3430 uenerit

178 3478 239 3536 Nisi
267 3479 356 3556 enim,
383 3481 459 3555 quod
480 3464 620 3554 nunquam
647 3479 784 3554 uidimus,
812 3480 841 3536 id
871 3482 953 3552 quale
980 3480 1030 3554 sit,
1058 3480 1214 3553 intelligere

178 3602 235 3651 non
257 3604 424 3664 possumus,
447 3594 521 3646 certe
543 3595 571 3645 et
591 3587 674 3645 deum
695 3587 788 3661 ipsum
810 3593 838 3645 et
859 3587 985 3645 diuinum
1005 3588 1128 3646 animum
1149 3605 1212 3645 cor-

179 3706 248 3763 pore
275 3693 423 3753 liberatum
450 3694 615 3768 cogitatione
643 3693 791 3768 complecti
817 3711 976 3767 possumus.
1027 3695 1214 3754 Dicaearchus

175 3884 481 3900 m—

246 3984 423 4049 Acherunsia)
440 3985 581 4040 Acherusia
591 3990 623 4040 0.
658 3989 796 4053 obnubilo)
815 3989 917 4040 onuhila
934 3989 967 4042 R.
991 3988 1111 4039 nubiloO
1146 4002 1214 4051 qno-

177 4067 263 4136 niam)
283 4070 327 4132 oui
346 4068 378 4121 0.
412 4071 534 4141 lucrum)
552 4074 614 4125 lucr’
631 4073 664 4124 n.
700 4074 795 4126 luerint
810 4071 844 4124 0.
869 4073 912 4128 49.
930 4080 959 4125 ut
976 4072 1119 4149 ita‘sit)ito
1136 4075 1214 4125 sitll.

177 4155 219 4204 50.
236 4154 394 4229 incredibilis
409 4154 507 4212 dialis-¹
788 4156 887 4211 «oou.
920 4158 964 4210 al.
980 4158 1064 4226 domi)
1081 4159 1169 4210 domui
1180 4159 1212 4210 ll.

1053 4364 1078 4422 λ
