2610 4634
137 293 198 356 uns
349 309 971 356 ruscunnn.nrsrurnrrouun

135 500 270 572 rulinqni3
296 499 364 572 quid
384 500 495 555 tandem
516 504 607 572 potest
628 515 690 555 esse
713 498 846 571 naturale,
868 470 947 571 quod
969 496 1046 579 idem
1059 499 1168 557 nimium

136 623 199 662 esse
221 602 333 680 possit?
356 608 427 663 Sunt
448 607 522 663 enim
545 605 636 662 omnia
658 607 709 661 ista
731 622 766 661 ex
787 622 915 662 erromm
938 612 999 662 orta
1022 607 1169 679 radicibus,

135 729 206 785 quae
229 714 374 770 euellenda
396 720 424 769 et
444 713 609 770 extrahenda
637 712 764 786 penitus,
794 729 851 769 nou
878 712 1103 769 eireumcidenda
1123 730 1171 770 nee

134 822 301 892 amputanda
323 826 395 877 sunt.

220 924 401 985 xxv11.5u.
415 927 469 982 Sed
487 925 618 999 quoniam
638 925 765 997 suspicor
785 932 811 982 te
834 943 891 982 non
912 931 970 982 tam
992 927 1029 982 de
1050 926 1171 999 sapiente

133 1049 217 1104 quam
239 1033 275 1088 de
296 1039 324 1088 te
345 1033 407 1105 ipso
430 1049 563 1105 quaerere
575 1032 673 1106 (illum
691 1032 766 1088 enim
783 1039 862 1105 putas
876 1033 953 1089 omni
964 1033 1171 1105 perturbatione

133 1138 253 1194 liberum
275 1155 347 1210 esse,
370 1146 396 1195 te
418 1131 487 1214 uis),
509 1139 673 1211 uideamus,
696 1147 796 1212 quanta
818 1141 889 1211 sint,
912 1157 985 1212 quae
1007 1158 1025 1197 a
1046 1141 1171 1213 pbiloso-

133 1245 199 1317 pbia
221 1247 342 1303 remedia
364 1246 470 1304 morbis
492 1247 647 1303 animomm
663 1247 853 1303 adhibeantur.
886 1248 1026 1305 Estenim
1037 1249 1171 1320 quaedam

133 1352 269 1408 medicina
298 1360 387 1426 certe,
419 1371 471 1411 nec
503 1360 558 1410 tam
588 1354 641 1409 suit
669 1354 811 1411 bominum
834 1354 930 1425 generi
957 1354 1070 1411 intensa
1092 1361 1171 1428 atque

64 1444 69 1452 ⁹
133 1458 244 1516 inimica
266 1467 377 1533 natura,
399 1468 430 1518 ut
450 1461 615 1533 corporibus
636 1468 677 1518 tot
697 1478 743 1518 res
765 1464 914 1531 salutares,
944 1461 1047 1518 animis
1069 1465 1171 1520 nullam

134 1567 287 1639 inuenerit,
318 1568 352 1625 de
375 1570 476 1642 quibus
498 1569 552 1625 boc
573 1569 655 1625 etiam
676 1573 719 1625 est
740 1571 837 1625 merita
859 1569 978 1641 melius,
1010 1570 1089 1643 quod
1111 1587 1171 1626 cor·

134 1692 235 1747 porum
256 1677 411 1732 adiumenta
432 1676 599 1733 adhibentur
625 1675 813 1747 extrinsecus,
839 1676 997 1733 animorum
1026 1679 1103 1734 salus
1130 1676 1171 1734 iu·

83 1787 88 1791 ·
134 1783 210 1838 elusa
232 1782 317 1839 iniis
339 1783 409 1855 ipsis
431 1790 481 1839 est.
516 1784 572 1839 Sed
590 1800 646 1855 quo
667 1783 756 1839 maior
777 1789 820 1840 est
841 1784 870 1840 in
893 1782 933 1839 eis
957 1784 1125 1856 praestantia
1145 1791 1170 1842 et

133 1888 271 1961 diuinior,
300 1906 334 1945 eo
357 1889 460 1945 maiore
482 1890 608 1962 indigent
629 1889 781 1961 diligentia.
836 1891 931 1963 ltaque
955 1891 1030 1948 bene
1051 1890 1171 1949 adbibita

133 1995 203 2051 ratio
224 1995 328 2068 cernit,
357 1996 424 2068 quid
447 1997 581 2068 optimum
604 1998 654 2069 sit,
682 1999 807 2068 neglecta
828 1984 923 2054 multis
944 1996 1107 2070 implicatur
1126 2015 1170 2054 er·

133 2102 254 2158 roribus.
299 2099 350 2162 59.
372 2103 415 2160 nd
438 2111 464 2160 te
485 2103 570 2175 igilur
591 2105 659 2160 milri
680 2104 735 2161 iam
757 2103 944 2161 conuertenda
968 2106 1061 2162 omnis
1084 2105 1169 2163 oratio

133 2216 192 2282 est,
225 2209 340 2298 simulas¹
371 2213 446 2269 euim
472 2228 607 2284 quaerere
635 2218 662 2268 te
688 2212 723 2268 de
756 2211 896 2284 sapiente,
930 2212 1045 2284 quaeris
1080 2219 1169 2269 autem

133 2317 250 2375 tortasse
272 2318 307 2375 de
328 2325 364 2377 te.

216 2426 321 2481 Eamm
342 2425 426 2496 igitur
454 2426 708 2499 perturbationum,
737 2441 806 2500 quas
828 2423 962 2499 exposui,
990 2425 1086 2483 uariae
1108 2431 1170 2482 sunt

133 2532 299 2590 curationes.
341 2533 413 2589 Nam
435 2550 526 2607 neque
554 2533 643 2591 omnis
671 2533 815 2604 aegritudo
838 2549 892 2588 una
913 2532 1022 2589 ratione
1043 2534 1168 2605 sedatum

133 2640 250 2696 aliaest
277 2642 353 2697 enim
379 2641 501 2713 lugenti,
530 2640 584 2698 alia
614 2640 756 2697 miseranti
783 2645 830 2695 aut
855 2638 991 2696 inuidenti
1013 2639 1169 2696 adhibenda

133 2748 286 2821 medicina3
313 2754 356 2805 est
378 2749 460 2804 etiam
487 2748 516 2804 in
544 2749 673 2806 omnibus
695 2755 823 2821 quattuor
846 2746 1101 2818 perturbationibus
1122 2748 1169 2804 illa

132 2853 282 2928 distinctio,
305 2862 397 2913 utrum
419 2856 453 2912 ad
475 2844 635 2913 uniuersam
656 2854 900 2927 perturbationem,
912 2870 985 2926 quae
1007 2861 1051 2910 est
1072 2871 1168 2927 asper·

133 2961 207 3016 natio
229 2961 341 3018 rationis
360 2967 407 3018 aut
427 2962 563 3034 appetitus
585 2963 785 3033 uehementior,
809 2977 844 3017 an
867 2961 901 3016 ad
924 2960 1061 3034 singulas,
1083 2969 1115 3018 ut
1135 2962 1168 3020 ad

132 3073 252 3140 metum,
275 3066 430 3140 libidinem,
453 3067 575 3140 reliquas
597 3067 697 3124 melius
719 3069 883 3124 adhibeatur
904 3067 1002 3140 oratio,
1026 3075 1055 3125 ot
1075 3076 1168 3127 utrum

130 3173 237 3232 illudne
259 3191 314 3230 non
336 3172 464 3230 uideatur
484 3190 566 3246 aegre
588 3174 751 3247 ferundum,
775 3192 809 3230 ex
834 3190 890 3246 quo
913 3181 1041 3247 suscepta
1065 3177 1101 3233 sit
1122 3193 1169 3234 ae·

132 3282 258 3355 guitudo,
287 3297 322 3338 an
351 3280 474 3338 omnium
503 3299 595 3338 rerum
616 3282 739 3338 tollenda
767 3282 880 3337 omnino
902 3281 1065 3354 aegritud03
1093 3283 1169 3341 utsi

133 3393 195 3464 quis
217 3408 301 3462 aegre
322 3388 393 3446 lerat
414 3406 444 3446 se
465 3406 616 3463 pauperem
638 3405 710 3462 esse,
734 3387 800 3444 idne
821 3388 956 3460 disputes,
979 3397 1168 3462 paupertatem

131 3500 235 3555 malurn
257 3516 314 3556 non
336 3515 408 3572 esse,
431 3516 466 3556 an
488 3498 629 3555 hominem
651 3513 734 3567 aegre
756 3497 829 3552 lerre
851 3495 921 3552 nihil
942 3501 1084 3567 oportere.
1117 3498 1168 3556 Ni·

198 3820 240 3869 58.
257 3820 366 3870 liberum
384 3814 455 3878 esse)
474 3828 531 3866 esse
549 3816 593 3865 llb.
612 3813 643 3865 0.
677 3813 737 3874 sint,
754 3825 820 3874 qnae
837 3810 864 3874 a)
882 3813 917 3862 sit
933 3822 999 3874 qnae
1017 3810 1072 3861 111).
1106 3814 1168 3861 11111-

131 3901 194 3966 ium)
221 3905 290 3953 nulla
317 3904 369 3953 111).
414 3899 471 3966 est]
489 3915 539 3950 om.
566 3901 598 3948 11.
648 3898 680 3946 iis
708 3897 788 3959 ipsisl
816 3898 856 3946 bis
880 3897 945 3958 ipsis
974 3896 1051 3947 RPO.
1097 3895 1167 3945 indi-

130 3986 207 4052 gent)
227 3987 324 4047 indiget
348 3987 402 4036 111).
445 3983 578 4048 neglectu)
603 3996 651 4032 neo
678 3983 742 4032 lecta
767 3983 819 4032 RP.
863 3981 907 4031 59.
936 3978 1049 4045 Earum)
1078 3994 1167 4031 eorum

129 4075 184 4125 111).
219 4068 345 4133 reliquus)
361 4070 482 4132 reliquias
499 4069 554 4119 111).
596 4063 745 4129 lemndnm)
763 4065 895 4115 terendum
914 4063 946 4116 0.
981 4063 1106 4130 tollenda)
1125 4072 1167 4117 to-

131 4158 231 4213 lernnda
248 4155 303 4208 111).
