2610 4634
310 284 436 333 >rnna
459 273 509 333 111.
554 222 637 333 aar.
662 271 797 336 13-15.
947 260 950 264 ’
1053 274 1093 336 er

101 473 149 549 Ut,
169 475 198 531 ri
218 488 277 547 pso
295 477 406 531 nmio
426 477 528 533 dicitnr
549 494 617 535 coro
636 478 720 551 soret,

97 581 141 639 Ne
160 598 203 637 nro
221 582 392 653 imparatum
412 599 482 638 coro
503 583 636 640 narraret
655 601 762 656 repens.

54 686 108 750 30.
128 688 215 758 ‚Quod
242 693 336 765 autem
364 687 490 746 Theseus
511 705 528 745 a
549 689 630 746 docto
653 706 684 746 se
705 690 816 747 audisso
838 688 919 764 dicit,
949 690 978 746 id
1006 691 1041 747 de
1063 708 1095 748 so

55 795 120 870 ipso
152 793 277 868 loquitur
306 793 466 866 Euripides.
520 796 620 852 Fuerat
652 797 727 853 enim
760 797 871 854 auditor
901 798 1094 872 Anaxagorae,
1160 864 1166 875 x

55 918 142 977 quem
163 902 258 959 ierunt
278 900 400 959 nuntiata
421 907 510 958 morte
532 901 572 957 tili
594 902 712 960 dixisse:
747 903 875 961 Sciebam
896 920 941 960 me
964 904 1094 976 genuisse

46 1010 212 1069 >mortalem
245 1007 324 1076 Quae
346 1025 402 1065 uox
423 1008 543 1065 declarat
563 1007 598 1065 iis
620 1026 683 1067 esse
704 1009 773 1067 haec
785 1009 894 1085 acerba,
917 1011 1021 1084 quihus
1038 1029 1095 1069 non

55 1115 161 1175 fuerint
181 1113 309 1186 cogitata.
352 1115 429 1186 Ergo
452 1115 480 1171 id
509 1114 623 1187 quidem
650 1132 707 1173 non
735 1116 868 1191 dubium,
896 1117 965 1190 quin
992 1117 1095 1192 omnia,

38 1201 129 1296 *quae
150 1221 222 1278 mala
244 1226 385 1294 putentur,
407 1220 463 1278 sint
477 1220 629 1293 improuisa
652 1223 790 1294 grauiora.
830 1225 926 1297 ltaque
937 1193 1096 1297 quanquam

55 1345 115 1387 non
136 1329 205 1385 haec
229 1344 285 1385 una
306 1343 352 1384 res
373 1326 461 1384 efficit
486 1328 635 1385 maximam
662 1329 878 1404 aegritudinem,
906 1336 996 1387 tamen
1024 1321 1096 1402 quo·

55 1436 132 1493 niam
152 1435 272 1491 multum
292 1439 385 1507 potest
399 1434 525 1506 prouisio
542 1434 627 1493 ammi
645 1446 670 1492 et
682 1435 854 1507 praeparatio
866 1436 902 1492 ad
912 1436 1095 1493 minuendum

55 1528 196 1615 dolorem,
219 1540 275 1599 sint
295 1556 407 1612 semper
427 1541 520 1600 omnia
542 1541 648 1599 homini
670 1541 789 1599 humana
810 1542 948 1599 meditata.
991 1543 1029 1600 Et
1051 1544 1094 1600 ni-

53 1648 159 1707 mirum
181 1647 250 1705 haec
270 1653 313 1704 est
333 1647 382 1704 itta
403 1654 545 1719 praestans
567 1655 596 1705 et
616 1648 710 1705 diuina
731 1648 876 1722 sapientia,
900 1656 927 1705 et
944 1636 1093 1722 'perceptas

54 1754 168 1830 penitus
200 1759 228 1811 et
258 1758 435 1825 pertractatas
464 1771 509 1811 res
536 1755 669 1813 humanas
698 1755 818 1829 hahere,
852 1754 921 1812 nihil
953 1756 1093 1831 admirari,

55 1878 145 1937 quum
166 1859 311 1935 acciderit,
341 1859 428 1934 nihil,
462 1867 609 1934 antequam
624 1863 770 1936 eucnerit,
798 1879 855 1919 non
877 1865 990 1920 euenire
1012 1880 1096 1936 posse

55 1967 195 2027 arbitrari.

99 2073 286 2142 &morem
307 2091 413 2149 omnes,
443 2091 528 2148 quom
555 2080 687 2134 reonndoc
712 2094 756 2133 ree
784 2082 849 2133 sont
874 2080 1008 2151 monime,
1040 2083 1096 2133 tom

689 2186 808 2240 monimo

96 2287 234 2347 Meditari
254 2304 344 2345 aecum
364 2278 557 2372 oportet,'qoo
571 2294 657 2361 poeto
670 2264 816 2346 eduensem
827 2305 984 2345 aerumnam
993 2290 1095 2362 serant.

99 2394 222 2468 Pericle,
243 2397 346 2451 camna
361 2411 478 2467 perrone
496 2398 603 2452 rediens
627 2413 731 2469 smper
752 2413 841 2454 socom
863 2399 964 2467 sopitat
993 2419 1001 2432 =

98 2497 156 2557 Ant
175 2500 378 2573 fiiipeceatum
400 2504 569 2559 octonorio
591 2508 704 2559 mortem
726 2509 776 2560 aot
796 2505 922 2559 mortam
941 2503 1025 2574 filiae,

100 2606 265 2665 Communia
286 2624 343 2664 esre
362 2608 439 2682 hoec,
460 2625 495 2664 nc
516 2611 585 2681 qaid
606 2610 706 2665 horam
726 2625 850 2681 unquam
872 2611 980 2665 occidat
1002 2609 1094 2663 animo

688 2731 808 2788 nouom3

101 2817 245 2892 Quicquid
260 2825 374 2892 piarem
394 2837 468 2892 spem
487 2824 604 2886 enmiot,
623 2837 700 2878 omae
715 2824 746 2878 id
757 2825 888 2893 dmiccc
900 2821 997 2876 esseio
1008 2819 1095 2876 locro.

113 2983 124 3002 „
142 2926 206 2983 XV.
218 2924 268 2985 31.
280 2927 357 2998 Ergo
380 2926 433 2984 hoc
455 2921 601 2985 Terentius
619 2945 635 2985 a
653 2927 831 3000 philosophia
850 2932 991 2999 sumptum
1009 2941 1097 2999 quum

56 3037 113 3089 um
135 3034 280 3089 commode
302 3032 411 3108 dixerit,
435 3051 497 3107 nos,
518 3052 533 3091 e
556 3051 676 3107 quorum
698 3034 821 3091 fontibus
844 3033 871 3090 id
894 3034 1022 3091 haustum
1044 3039 1095 3105 est,

55 3156 115 3197 non
138 3145 165 3196 et
185 3139 312 3207 dicemus
330 3139 384 3197 hoc
406 3142 505 3197 melius
527 3148 555 3197 et
576 3139 745 3198 constantius
769 3137 943 3198 sentiemus?
977 3138 1031 3195 Hic
1054 3145 1096 3195 est
1203 3193 1206 3199 .

56 3244 134 3302 enim
154 3244 203 3302 iiie
224 3247 318 3305 uultus
346 3263 457 3318 semper
483 3245 576 3320 idem,
606 3263 690 3319 quem
712 3248 811 3303 dicitur
833 3247 992 3319 Xanthippe
1014 3263 1094 3317 prae-

56 3350 152 3409 dicare
174 3352 256 3411 solita
277 3354 306 3409 in
327 3353 390 3409 uiro
412 3369 463 3410 suo
485 3351 572 3409 tuisse
595 3353 719 3425 Socrate,
743 3354 843 3410 eodem
867 3368 977 3424 semper
998 3368 1029 3407 se
1051 3350 1094 3406 ui-

55 3455 134 3515 disse
155 3465 302 3516 exeuntem
323 3460 403 3515 illum
425 3459 508 3515 domo
531 3464 558 3514 et
579 3465 772 3516 reuertentem.
806 3461 865 3515 Nec
880 3474 948 3514 uero
967 3472 999 3511 ea
1018 3455 1096 3511 frons

56 3568 137 3638 erat,
164 3582 237 3637 quae
258 3567 299 3625 M.
322 3564 418 3623 Crassi
437 3564 514 3621 ithus
532 3566 661 3639 ueteris,
691 3581 774 3640 quem
803 3565 890 3621 semel
911 3563 949 3619 ait
969 3561 999 3618 in
1021 3561 1097 3619 omni

56 3668 115 3727 uita
136 3670 232 3728 risisse
253 3671 395 3747 Lucilius,
418 3672 469 3728 sed
490 3671 638 3745 uanqmlla
660 3678 687 3729 et
707 3687 825 3745 sereaa;
858 3668 898 3726 sic
920 3668 995 3724 enim
1016 3684 1096 3724 acce·

125 3948 168 4001 80.
185 3950 338 4016 mortotem)
360 3952 466 4002 mortale
488 3952 517 4001 Ρ.
552 3951 666 4016 quihus)
691 3951 815 4012 aquibus
833 3950 863 4002 P.
897 3963 939 4001 res
958 3949 1097 4014 humanas]

57 4033 83 4084 h.
100 4048 142 4087 res
159 4035 213 4087 ΡΟ.
249 4036 383 4100 admirari)
400 4037 499 4085 amauit.
518 4036 549 4084 R.
584 4035 733 4098 aduersam)
751 4036 887 4084 aduersum
904 4035 957 4084 ΒΡ.
984 4033 1098 4098 Pericle)

57 4120 172 4182 pericula
184 4119 239 4173 ΒΡ.
264 4118 308 4169 81.
326 4118 445 4185 Socrate)
461 4119 591 4170 Socratem
608 4120 662 4172 RP.
698 4118 798 4183 Crassi)
816 4119 914 4170 Crassis
931 4119 961 4168 P.
