2610 4634
436 306 516 352 ure.
538 295 586 352 tv.
631 306 714 352 cae.
736 292 871 353 25-26.
1108 292 1169 352 137
1186 293 1197 314 ⁸

129 514 188 554 non
211 499 325 552 necesse
347 501 399 569 est,
421 514 458 553 ne
479 498 622 553 rhetorum
650 498 805 570 aperiamus
834 496 974 571 mysteria.
1028 497 1101 554 ttrite
1129 503 1172 554 est

129 605 207 661 euim
228 603 267 659 uti
290 610 366 659 motu
387 603 488 677 animi,
517 604 565 676 qui
587 605 626 660 uti
649 605 753 660 ratione
775 623 831 661 non
853 602 975 678 potest,
993 620 1045 660 nos
1067 609 1168 677 autem,

128 717 162 767 ut
180 710 315 766 testificor
335 727 429 782 saepe,
452 711 487 767 de
512 712 634 783 sapiente
654 712 824 784 quaerimus.

217 817 325 874 xxvi.
348 814 399 874 56.
422 818 560 874 aretiam
583 819 716 874 aemulari
739 818 806 875 utile
828 824 879 891 est,
903 819 1066 891 obtrectare,
1085 816 1170 872 mise-

129 924 198 983 reri.
252 924 311 980 Cur
334 922 485 980 misereare
513 925 712 997 potiusquam
741 927 814 981 seras
843 943 935 998 opem,
970 925 994 981 si
1022 925 1050 981 id
1078 925 1170 980 sacere

129 1030 235 1106 possis,
258 1047 294 1087 an
317 1030 377 1086 sine
394 1029 583 1087 misericordia
605 1030 735 1088 liberales
758 1050 820 1089 esse
838 1050 894 1088 non
912 1028 1083 1104 possumus?
1106 1032 1170 1087 Non

130 1138 208 1196 enim
232 1137 373 1209 suscipere
400 1136 455 1208 ipsi
483 1138 670 1208 aegritudines
698 1145 813 1212 propter
840 1141 910 1196 alios
939 1141 1090 1212 debemus,
1120 1139 1170 1195 sed

131 1245 215 1315 alius,
238 1243 263 1300 si
284 1260 452 1317 possumus,
475 1245 570 1301 leuare
591 1246 773 1316 aegritudine.
818 1245 980 1303 Obtrectere
1001 1263 1070 1302 uero
1092 1245 1171 1302 alteri

130 1357 180 1409 unt
201 1351 248 1407 illa
270 1350 370 1407 uitiosa
392 1350 586 1424 aemulatione,
609 1368 680 1424 quae
702 1351 831 1408 riualitati
848 1353 946 1409 similis
964 1359 1016 1423 est,
1038 1352 1171 1408 aemulari

132 1458 202 1532 quid
230 1458 313 1513 habet
341 1456 482 1530 utilitatis,
511 1474 598 1530 quum
627 1459 663 1515 sit
688 1460 851 1516 aemulantis
877 1461 942 1531 angi
969 1459 1061 1515 alieno
1084 1459 1170 1532 bono,
1237 1446 1241 1453 ⁴

132 1564 210 1639 quod
232 1564 293 1636 ipse
322 1580 379 1619 non
401 1563 517 1637 babeat,
547 1566 723 1623 obtrectantis
753 1572 843 1622 autem
872 1567 937 1638 angi
963 1567 1054 1622 alieno
1083 1566 1170 1637 bono,

132 1671 211 1746 quod
233 1671 261 1727 id
284 1669 366 1726 etiam
387 1670 458 1727 atius
480 1670 600 1728 babeat?
629 1674 683 1742 Qui
706 1673 735 1729 id
756 1673 905 1753 approbari
927 1672 1025 1745 possit,
1048 1671 1170 1752 aegritu-

132 1779 229 1836 dinem
252 1777 395 1850 suscipere
417 1794 468 1849 pre
491 1765 677 1852 experientia,
708 1779 731 1836 si
762 1780 829 1852 quid
856 1780 959 1837 habere
982 1776 1075 1836 uelis?
1107 1796 1171 1835 nam

133 1888 226 1944 otum
248 1885 351 1940 babere
373 1885 448 1940 nette
478 1901 585 1942 summa
614 1887 752 1944 dementia
780 1893 830 1944 est.
885 1884 935 1945 57.
968 1863 1171 1944 Mediocritates

132 1999 225 2050 autem
247 1992 384 2048 malorum
406 1991 468 2062 quis
491 1993 603 2050 laudare
625 1999 699 2050 recte
728 1991 839 2066 possit?
872 1994 941 2063 Quis
968 1994 1042 2051 enim
1071 1999 1171 2067 potest,

132 2101 162 2158 in
184 2116 241 2173 quo
264 2098 351 2155 libido
374 2097 546 2170 cupiditasue
568 2100 613 2174 sit,
637 2118 693 2158 nnn
715 2101 881 2158 libidinosus
904 2107 932 2157 et
953 2101 1070 2173 cupidus
1092 2116 1172 2171 esse3

131 2208 162 2266 in
185 2222 241 2280 quo
263 2205 314 2277 ira,
337 2221 394 2260 non
415 2203 579 2279 iracundus3
602 2208 632 2264 in
654 2223 710 2279 quo
732 2224 830 2279 angor,
852 2224 909 2263 non
930 2207 1045 2280 anxius,
1068 2207 1095 2262 in
1114 2223 1171 2278 quo

132 2314 234 2386 timor,
263 2328 320 2367 non
348 2309 483 2367 timidus?
512 2309 706 2367 Libidinosum
728 2312 813 2383 igitur
834 2319 862 2368 et
881 2294 1044 2370 iracundum
1066 2320 1094 2369 et
1121 2329 1173 2368 au·

133 2422 212 2478 xium
234 2425 262 2476 et
289 2417 416 2475 timidum
444 2435 589 2476 censemus
617 2436 680 2476 esse
707 2419 876 2494 sapientem,
909 2421 944 2478 de
973 2421 1051 2477 coins
1079 2421 1171 2477 excet-

133 2527 219 2586 Ientia
240 2526 325 2582 muita
348 2525 460 2597 quidem
490 2525 544 2582 dici
576 2508 704 2599 quamuis
732 2528 794 2582 tuse
823 2528 933 2600 lateque
960 2534 1092 2602 possunt,
1122 2527 1172 2583 sed

133 2632 300 2691 breuissime
322 2633 371 2688 ille
393 2634 488 2706 modo,
511 2633 673 2705 sapientiam
695 2651 758 2691 esse
779 2652 873 2691 rerum
894 2634 1050 2690 diuinarum
1072 2640 1098 2688 et
1119 2632 1173 2689 bu-

133 2755 277 2799 manarum
299 2741 441 2797 scientiam
470 2739 729 2814 cognitionemque,
762 2740 834 2814 quae
861 2741 994 2813 cuiusque
1021 2740 1063 2799 rei
1090 2755 1173 2796 causa

134 2851 188 2920 sit3
216 2863 251 2902 ex
278 2862 334 2919 quo
357 2845 495 2919 efficitur,
523 2852 553 2902 ut
574 2847 668 2903 diuina
690 2833 964 2922 imitetur,'bumana
986 2851 1077 2905 omnia
1099 2846 1171 2903 inte-

135 2953 211 3010 riora
232 2952 336 3009 uirtute
359 2953 447 3009 ducat.
483 2954 608 3010 tubane
630 2961 659 3010 tu
681 2954 765 3026 igitur
786 2962 915 3029 tanquam
936 2957 965 3013 in
987 2973 1073 3030 mare,
1096 2954 1172 3027 qued

135 3064 179 3117 est
199 3057 289 3114 nentis
312 3060 476 3132 subiectum,
500 3062 734 3134 perturbationem
756 3063 855 3120 cadere
872 3063 923 3121 tibi
944 3062 1037 3122 dixisti
1058 3058 1172 3119 uideri?

135 3165 203 3239 quid
232 3171 289 3234 est,
323 3167 399 3237 quod
426 3172 527 3223 tantam
555 3169 717 3238 grauitatem
745 3171 980 3244 constantiamque
1008 3165 1173 3243 perturbet?

135 3288 170 3329 an
192 3271 377 3344 improuisum
398 3272 503 3346 aliquid
524 3281 577 3330 aut·
592 3273 795 3347 repentinum?
828 3278 902 3346 Quid
931 3283 1022 3350 potest
1048 3276 1173 3333 accidere

134 3380 191 3436 tale
212 3379 248 3450 ei,
272 3378 315 3435 cui
340 3378 420 3452 nihii,
443 3382 520 3452 quod
541 3380 647 3437 homini
669 3383 781 3439 euenire
803 3383 891 3455 possit
910 3378 994 3460 [,non
1015 3380 1172 3455 praemedi-

134 3490 221 3542 tatum
243 3477 317 3561 sit]‘t
343 3486 413 3542 Nam
435 3487 511 3558 quod
532 3486 608 3544 aiunt
629 3487 714 3544 nimia
735 3490 854 3547 resecari
877 3496 1016 3565 oportere,
1039 3462 1173 3544 naturalia

203 3800 247 3852 56.
265 3803 417 3868 obtrectare)
434 3804 566 3856 obtrectari
585 3807 639 3856 ΒΡ.
673 3806 723 3869 Qui
743 3807 784 3872 id)
801 3808 860 3871 quis
877 3809 902 3858 id
912 3808 964 3857 BP.
999 3801 1092 3869 possit)
1110 3817 1174 3867 pos-

136 3887 179 3944 sit,
192 3885 243 3952 [te]
255 3886 285 3936 0.
322 3887 396 3951 nem)
413 3903 462 3939 non
477 3890 529 3939 ΒΡ.
563 3891 606 3940 57.
617 3893 660 3942 tib.
671 3893 761 3957 igitur)
779 3895 822 3944 no.
841 3895 926 3956 igitur,
938 3890 977 3957 [ct
987 3888 1129 3954 cupidum]
1140 3890 1173 3940 Ο.

136 3972 208 4036 tuse)
226 3973 290 4022 tutse
308 3973 337 4021 P.
372 3975 492 4039 possunt)
510 3977 653 4037 possitne.
690 3978 925 4042 cognitionemque)
943 3970 1173 4040 cogitationemque

135 4056 166 4106 Ρ.
201 4055 306 4120 cadere)
322 4057 351 4106 tn
367 4070 452 4121 marn.
470 4059 548 4111 babet
563 4061 596 4112 R.
631 4063 681 4112 tete
699 4061 738 4127 ei)
755 4065 804 4114 tate
823 4069 847 4114 et
856 4064 908 4114 ue.
944 4062 1009 4129 [non
1029 4061 1174 4126 praemedi-

137 4145 218 4191 tatum
237 4139 312 4207 sitJ)
329 4155 380 4196 om.
397 4143 451 4194 tte.
