2610 4634
448 288 523 332 irin.
547 277 568 332 l.
608 291 679 334 cun
702 276 752 337 35.
1065 280 1105 341 35

58 476 128 533 tolli
156 483 250 549 sperat
277 474 331 532 sibi
357 475 475 551 quisque
503 479 658 551 lortnnem,
691 481 808 552 proinde
835 481 914 555 quasi
940 490 986 540 aut
1010 486 1105 557 plures

68 583 201 653 fortunati
224 582 279 640 sint
299 600 382 656 quem
410 584 551 658 infelices,
581 593 627 642 unt
652 587 718 644 certi
747 588 894 661 quicquam
915 589 1000 646 sitin
1021 592 1104 650 rebus

67 690 209 763 humanis,
232 696 278 747 aut
299 707 411 762 sperare
434 692 469 748 sit
490 693 651 764 prudentius
674 711 757 767 quam
778 695 884 752 timere.

153 795 206 856 87.
241 798 297 855 Sed
325 798 379 854 hoc
410 799 503 872 ipsum
532 802 713 872 concedatur,
745 801 826 858 bonis
862 803 945 859 rebus
977 804 1104 864 homines

66 909 156 963 morte
169 903 289 978 priunri3
311 921 380 977 ergo
398 906 481 963 etiam
498 923 592 963 carere
608 916 733 965 mortuos
751 909 822 966 uitae
839 911 1003 985 commodis,
1020 913 1105 984 idque

66 1028 130 1097 esse
152 1010 308 1069 miserum?
331 1013 412 1070 Certe
433 1012 470 1070 itu
491 1013 582 1070 dicent
604 1031 719 1072 necesse
741 1023 790 1072 est
823 1017 867 1072 Au
888 1024 978 1089 potest
998 1018 1033 1092 is,
1053 1021 1102 1093 qui

52 1137 124 1196 ¹non
146 1127 198 1193 est,
222 1138 252 1177 rc
274 1121 331 1176 ulle
352 1117 470 1177 carere?
492 1121 584 1177 Triste
606 1121 681 1178 euim
698 1129 740 1179 est
757 1140 858 1180 nomen
875 1123 967 1195 ipsum
980 1127 1102 1199 carendi,

66 1227 132 1301 quie
154 1227 289 1284 subicitur
310 1226 378 1283 haec
400 1227 457 1283 uis:
479 1226 585 1300 habuit,
607 1246 663 1284 non
685 1230 783 1301 babet3
806 1231 953 1305 desiderat,
976 1233 1103 1306 requirit,

65 1333 181 1406 indiget.
224 1335 311 1406 Haec,
335 1335 455 1407 opinor,
479 1335 654 1392 incommoda
676 1345 740 1392 sunt
760 1337 887 1396 carentis.
931 1339 1013 1396 Caret
1035 1358 1103 1397 ocu-

65 1443 113 1516 lis,
136 1441 234 1498 odiosa
256 1441 388 1513 cnecitns3
411 1442 518 1513 liberis,
541 1443 654 1499 orbitas.
688 1445 767 1501 Uelet
787 1444 842 1500 hoc
862 1444 891 1501 in
913 1445 1003 1517 uinis;
1025 1465 1101 1503 mor-

65 1556 178 1607 tuorum
200 1553 371 1605 autemnon
393 1549 477 1605 modo
500 1549 572 1605 uitae
595 1551 760 1622 commodis,
783 1551 833 1606 sed
855 1568 889 1607 ne
911 1552 967 1608 uita
989 1553 1102 1625 quidem
1166 1615 1172 1622 ,

21 1667 23 1671 ’
65 1656 126 1730 ipsa
147 1655 295 1729 quisquam
316 1662 399 1712 curet.
431 1657 473 1712 De
494 1655 611 1712 mortuis
634 1657 744 1730 loquor,
767 1658 815 1729 qni
838 1659 908 1714 nulli
937 1666 1015 1732 sunt3
1039 1678 1100 1730 nos,

65 1764 114 1838 qui
136 1779 249 1834 sumus,
277 1779 343 1818 num
366 1769 412 1818 eut
433 1764 564 1819 cornibus
587 1781 711 1820 caremus
732 1771 780 1822 eut
800 1764 916 1836 pinnis?
947 1769 1042 1841 ecquis
1071 1767 1102 1824 id

65 1867 187 1929 dixerit?
217 1869 299 1925 Certe
322 1887 414 1928 nemo.
458 1871 531 1939 Quid
553 1868 611 1926 itu?
644 1871 725 1944 Quia,
749 1888 833 1944 quum
856 1872 883 1928 id
907 1891 964 1931 non
986 1874 1100 1946 babens,

65 1978 142 2052 quod
163 1976 213 2033 tibi
235 1993 286 2032 noc
308 1994 360 2033 usu
382 1994 433 2034 nec
455 1984 549 2034 notura
572 1977 607 2034 sit
628 1985 738 2051 aptum,
763 1996 819 2035 non
840 1997 950 2055 careas,
972 1981 1053 2038 etiam
1076 1982 1099 2038 si
1158 1958 1161 1963 ¹

65 2086 166 2145 sentius
189 2092 215 2141 te
238 2101 294 2140 nou
315 2084 426 2141 babere.
459 2082 510 2143 88.
522 2085 585 2140 Hoc
608 2087 789 2157 premendum
811 2087 893 2144 etiam
914 2095 996 2161 etque
1018 2089 1100 2146 etiam

66 2200 108 2251 est
127 2200 321 2265 argumentum
337 2194 497 2249 confirmato
516 2191 576 2264 illo,
600 2193 635 2247 dc
653 2209 720 2266 qno,
739 2194 764 2249 si
781 2195 911 2250 mortales
929 2194 1012 2252 animi
1024 2204 1098 2267 sunt,

64 2300 190 2358 dubitare
214 2317 269 2357 non
291 2316 459 2373 possumus,
488 2298 555 2372 quin
577 2305 667 2354 tentus
689 2298 813 2356 interitus
835 2301 864 2356 in
885 2308 973 2358 morte
995 2301 1047 2373 sit,
1070 2309 1100 2359 nt

63 2406 246 2465 nexmiuime
274 2408 387 2481 quidem
415 2405 536 2479 suspicio
569 2421 666 2462 sensus
697 2407 890 2482 relinquntur;
923 2408 977 2464 boc
1014 2410 1099 2480 igitur

64 2515 152 2588 probe
174 2514 295 2572 stabilito
318 2515 421 2571 ettilo
444 2512 512 2570 illud
535 2512 729 2568 excutiendum
752 2522 808 2583 est,
840 2521 869 2571 ut
891 2514 1007 2588 sciatur,
1031 2516 1099 2588 quid

64 2621 99 2681 sit
125 2638 234 2696 cerere,
264 2639 300 2687 ne
327 2621 498 2694 relinquatur
527 2618 634 2693 aliquid
661 2620 765 2676 erroris
793 2621 822 2676 in
843 2621 941 2678 uerbo.
996 2622 1098 2679 Carere

61 2729 147 2802 igitur
167 2730 221 2787 hoc
243 2728 388 2800 significet,
412 2745 495 2799 egere
516 2744 561 2800 eo,
585 2727 660 2800 quod
682 2727 785 2783 babere
808 2728 887 2784 uelis,
927 2730 1003 2785 Inest
1023 2728 1098 2786 enirn

62 2838 136 2893 nelle
158 2835 187 2894 in
209 2837 345 2909 carendo,
374 2835 427 2892 nisi
450 2852 535 2908 quum
557 2836 597 2891 sic
618 2842 747 2908 tunquam
776 2834 804 2891 in
828 2833 901 2891 lebni
922 2834 1023 2892 dicitur
1044 2836 1098 2893 alin
1131 2902 1136 2911 Ι

62 2944 181 3017 quadam
202 2943 314 3000 notione
342 2942 432 2999 uerbi.
482 2943 588 2999 Dicitur
609 2941 683 2998 enim
705 2943 760 2998 elio
783 2942 866 2998 modo
888 2942 971 3001 etiem
992 2960 1097 3016 carere,

61 3067 149 3124 quum
169 3050 275 3123 aliquid
296 3068 351 3106 non
375 3050 476 3107 babens
498 3057 525 3106 et
546 3067 603 3106 non
624 3050 726 3106 babere
749 3057 775 3105 te
796 3049 908 3123 senties,
925 3050 1007 3108 elium
1024 3067 1048 3108 sr
1066 3051 1095 3107 id

61 3157 142 3214 facile
162 3159 275 3230 petiere.
320 3149 429 3236 [Malo]
453 3174 546 3214 carere
568 3157 596 3212 in
619 3163 706 3213 morte
729 3173 782 3213 non
806 3157 924 3232 dicitur;
946 3175 998 3216 nec
1019 3157 1095 3217 enim

61 3272 135 3321 esset
155 3265 321 3337 dolendum3
355 3263 544 3320 diciturillud
573 3265 647 3320 bono
676 3282 784 3337 carere,
815 3265 889 3338 quod
917 3271 959 3323 est
979 3265 1094 3323 melum.

62 3372 119 3429 Sed
141 3390 176 3429 nc
197 3372 279 3429 uinus
302 3371 414 3445 quidem
436 3371 511 3428 bono
533 3377 621 3442 caret,
649 3371 673 3428 si
699 3388 733 3428 eo
755 3389 812 3428 non
839 3371 969 3445 indiget,
993 3373 1043 3427 sed
1065 3372 1095 3428 in

59 3477 127 3537 uiuo
149 3479 265 3551 intelligi
287 3486 378 3536 umen
399 3484 490 3550 potest
511 3495 603 3549 regno·
619 3487 646 3535 te
668 3496 778 3550 curere,
801 3478 856 3534 dici
877 3482 968 3534 eutem
989 3478 1042 3533 boc
1065 3478 1093 3535 iu

60 3591 88 3643 te
109 3585 175 3643 satis
197 3585 336 3643 subtiliter
356 3601 413 3643 non
436 3592 541 3658 potest3
563 3591 658 3658 posset
678 3585 707 3641 in
719 3585 882 3657 Tarquinio,
901 3600 987 3656 quum
1004 3601 1091 3656 regno

58 3700 134 3751 esset
148 3696 292 3766 expulsus.
324 3693 361 3749 At
381 3692 409 3749 in
430 3698 540 3750 mortuo
562 3710 597 3750 ne
619 3692 736 3764 intelligi
759 3690 887 3764 quidem3
904 3707 998 3747 cerere
1021 3691 1094 3748 enirn

130 3877 255 3942 proinde)
277 3880 381 3941 perinde
400 3879 432 3930 0.
466 3885 509 3929 nut
526 3878 630 3943 plures)
647 3885 675 3929 ut
692 3893 717 3942 p.
736 3879 765 3928 R.
801 3879 879 3943 certi)
898 3884 966 3928 certe
983 3878 1015 3928 n.
1050 3858 1112 3928 87.Ι

56 3979 122 4017 num
140 3969 195 4018 nntt
212 3978 273 4014 num
292 3970 335 4014 eut
351 3965 373 4014 st
392 3964 423 4014 R.
467 3979 539 4028 num,
557 3965 606 4014 etsi
624 3963 655 4014 Ο.
691 3964 787 4024 pinnis)
805 3965 896 4026 pennis
915 3964 945 4022 0.
990 3964 1092 4027 ecquis)

56 4051 95 4103 tlt
109 4049 220 4114 ouillo.
253 4045 494 4114 Silurgnrnentnm)
511 4050 669 4110 urguendum
678 4049 709 4099 R.
746 4045 840 4114 [Molo]
859 4061 944 4101 cerere
962 4049 1091 4112 inmoto)

56 4148 145 4189 urere
161 4134 190 4187 in
206 4139 287 4192 morte
303 4133 337 4187 n.
371 4147 456 4186 cerere
473 4136 500 4185 in
520 4135 587 4184 mulo
606 4132 637 4186 0.

864 4237 892 4284 3.
