2610 4634
393 287 470 333 nm.
492 275 516 332 1.
558 287 641 333 cnr.
663 270 798 333 ete-43.
1068 272 1110 334 41

76 486 182 539 stantes
202 479 279 537 uiros
300 476 410 536 uirtutis
437 483 466 535 et
486 476 637 551 sapientiae
658 476 764 553 gioria,
792 493 996 552 commemoro,
1025 493 1112 551 quum

74 585 312 647 Lacedaemonius
333 586 456 660 quidam,
482 587 560 642 euius
582 603 617 642 ue
639 601 741 642 nomen
763 585 876 658 quidem
897 585 1036 659 proditum
1058 591 1110 660 est,

76 702 195 753 mortem
216 701 292 752 tanto
314 709 399 765 opere
419 693 626 766 contempserit,
648 699 695 766 ut,
718 710 804 766 quum
826 692 860 749 ad
882 710 945 750 eam
966 693 1112 749 duceretur

76 804 222 861 damnatus
243 803 278 859 ab
301 801 413 874 ephoris
434 806 462 856 et
483 805 557 857 esset
578 801 656 857 uultu
679 799 761 857 bilari
783 806 865 873 atque
887 801 969 873 laeto,
982 800 1111 857 dixisset·

77 929 132 986 que
153 910 181 968 ei
197 884 315 983 'quidem
336 907 480 965 iuimicus:
506 907 703 965 contemnisne
726 909 802 980 leges
823 904 965 981 Lycurgi?
993 923 1112 980 respou-

75 993 250 1089 derithgo
271 1033 339 1073 uero
356 1015 398 1073 itti
416 1015 563 1072 maximam
581 1015 695 1086 gratiam
711 1015 811 1088 babeo,
832 1017 880 1088 qui
901 1032 945 1072 me
968 1031 1000 1071 ea
1021 1031 1113 1088 poena

75 1125 250 1199 multauerit,
273 1141 357 1198 quam
378 1122 437 1180 sine
459 1122 627 1179 mutuatione
649 1129 675 1179 et
700 1123 760 1180 sine
781 1140 897 1180 uersuta
918 1138 1031 1195 possem
1053 1121 1110 1178 dis·

74 1235 197 1292 soluere.
252 1231 278 1288 0
300 1231 392 1287 uirum
414 1231 513 1302 Sparte
533 1228 663 1301 dignum!
694 1236 724 1287 ut
744 1230 812 1286 mibi
834 1230 964 1303 quidem,
987 1228 1035 1302 qni
1056 1235 1112 1286 tam

46 1332 50 1339 ’
75 1356 179 1413 magno
199 1338 292 1396 animo
314 1337 412 1413 inerit,
441 1336 574 1394 innocens
596 1337 739 1394 damnatus
767 1353 829 1394 esse
853 1337 990 1395 uideatur.
1040 1332 1110 1394 101.

77 1449 160 1506 Tales
186 1445 402 1505 innumerabiles
431 1449 524 1501 nostra
552 1444 648 1501 ciuitas
676 1445 746 1501 tulit.
800 1445 857 1502 Sed
884 1444 952 1517 quid
978 1445 1062 1501 ducos
1085 1449 1113 1500 et

75 1555 217 1629 principes
238 1554 395 1626 nominem,
423 1568 509 1625 quum
527 1552 661 1623 ‚legiones
689 1552 791 1608 scribat
812 1551 879 1608 Cato
902 1567 985 1624 saepe
1006 1552 1111 1607 alacres

76 1663 105 1720 iu
122 1678 192 1720 eum
213 1663 306 1719 locum
328 1659 484 1733 proiectas,
506 1659 580 1722 unde
602 1658 736 1716 redituras
760 1675 789 1715 se
812 1676 867 1715 non
890 1653 1111 1716 arbitrarentur?

75 1769 140 1828 Pari
156 1769 251 1826 animo
271 1765 483 1826 Lacedaemonii
505 1767 535 1823 in
557 1766 752 1841 Thermopylis
782 1766 956 1840 occiderunt,
984 1764 1014 1822 iu
1040 1779 1111 1837 quos

76 1876 253 1935 Simonides:

159 1984 226 2056 Dic,
248 1983 358 2056 hospes,
382 1980 502 2054 Spartae
522 1998 575 2038 nos
597 1987 622 2038 te
642 1982 687 2039 bie
707 1984 812 2040 uidisse
832 1984 960 2054 iacentes,

203 2090 279 2146 Dum
300 2092 403 2146 sanetis
421 2093 536 2162 patriae
558 2090 662 2162 legibus
685 2092 861 2162 obsequimur
868 2107 880 2159 ,·

76 2191 174 2278 [Quid
195 2196 245 2254 ille
265 2196 322 2258 dux
342 2197 488 2253 Leonidas·
503 2194 591 2254 dicit?
620 2197 731 2270 Pergite
753 2197 845 2254 animo
867 2196 949 2269 torti,
971 2195 1111 2251 Lacedae·

75 2304 178 2379 monii3
210 2303 294 2361 hodie
323 2304 397 2377 apud
422 2303 528 2361 inferos
561 2304 679 2362 sortasse
711 2304 899 2362 coenabimus.
953 2302 1016 2360 Fuit
1044 2301 1112 2359 baec

75 2429 145 2486 gens
171 2411 268 2484 tortis,
300 2411 368 2467 dum
394 2411 515 2484 Lycurgi
542 2412 618 2484 loges
640 2404 797 2488 uigebant]
842 2429 858 2468 e
891 2411 992 2485 quibus
1024 2426 1108 2482 unus,

74 2535 162 2593 quum
182 2519 282 2575 Perses
304 2517 392 2575 bostis
413 2518 442 2574 in
464 2519 604 2591 colloquio
626 2520 742 2577 dixisset
764 2519 901 2591 glorianst
929 2519 1023 2575 Solem
1045 2532 1112 2588 prae

73 2624 230 2684 iaculorum
255 2624 431 2682 multitudine
460 2632 487 2682 et
508 2627 668 2698 sagittarum
696 2643 752 2682 non
782 2625 930 2697 uidebitis,
953 2626 986 2680 lu
1012 2624 1112 2679 umbra
1199 2664 1202 2668 n

73 2729 295 2807 igitur,‚inquit,
317 2732 512 2804 pugnabimus.
564 2732 634 2792 102.
667 2734 750 2792 Uiros
782 2748 987 2804 commemor03
1021 2729 1111 2803 quatis

73 2841 185 2899 taudem
210 2840 351 2913 Lacaena,
387 2857 457 2913 quae
485 2858 571 2914 quum
603 2840 692 2897 filium
720 2842 748 2898 in
776 2841 915 2914 proelium
942 2837 1063 2896 misisset
1085 2843 1113 2893 et

72 2947 249 3006 interiectum
270 2947 407 3024 audisset,
433 2947 557 3020 Idcirco,
580 2948 684 3022 iuquit,
713 2965 879 3021 genueram,
902 2953 932 3004 ut
953 2952 1036 3020 esset,
1063 2944 1112 3018 qui

72 3072 125 3131 pro
147 3055 235 3128 patria
255 3060 344 3112 morte
365 3071 421 3110 non
444 3055 581 3111 dubitaret
601 3057 775 3113 occumbere.

157 3161 261 3219 XLliL
282 3162 363 3234 Esto,
385 3161 471 3218 sortes
497 3168 524 3218 et
545 3162 607 3218 duri
625 3164 787 3235 Spartiatae,
805 3179 932 3234 magnam
948 3163 1031 3219 babet
1053 3161 1111 3217 uim

71 3269 114 3328 rei
125 3269 255 3342 publices
265 3267 420 3340 disciplina.
457 3248 554 3338 Quid?
577 3270 750 3343 Cyrenaeum
774 3270 962 3338 Theodomm,
985 3270 1112 3341 pbiloso-

70 3376 160 3451 pbum
186 3394 243 3435 non
264 3375 432 3450 ignobilem,
461 3393 554 3433 nonne
576 3377 727 3451 miramur,
756 3378 801 3435 eui
824 3395 910 3450 quum
931 3376 1110 3450 Lysimachus
1181 3418 1188 3430 .

71 3496 123 3535 rex
144 3495 255 3535 crucem
276 3483 443 3557 minaretur,
465 3484 529 3542 Istis
551 3502 671 3558 quaeso,
693 3485 796 3557 inquit,
819 3484 870 3541 ista
891 3483 1036 3540 horribilia
1057 3479 1110 3538 mi·

70 3586 160 3644 nitare
182 3590 340 3677 purpuratis
362 3591 430 3663 tnis3
461 3591 603 3648 Theodori
626 3591 739 3664 quidem
761 3592 830 3647 nibil
852 3591 974 3663 interest,
997 3587 1111 3645 bomine

69 3710 106 3750 an
128 3696 248 3754 sublime
270 3703 402 3770 putescat
459 3697 544 3755 Cuius
572 3700 626 3755 boc
656 3699 730 3756 dicto
752 3700 919 3772 admoneor,
948 3704 979 3754 ut
1005 3696 1110 3771 aliquid

141 3966 199 4023 101.
218 3967 295 4035 Ceto)
312 3975 401 4018 uocato
419 3969 452 4021 R.
490 3930 516 4020 in
535 3968 614 4033 quos)
631 3969 656 4019 in
675 3984 725 4031 qno
742 3972 774 4023 R.
811 3969 892 4035 [Quid
907 3996 942 4009 -
959 3969 1108 4036 uigebantD

67 4052 125 4101 etna
141 4053 215 4102 uncta
232 4052 289 4103 RO.
322 4053 449 4105 Leonidas
469 4054 552 4120 dicit)
578 4055 704 4107 semidam
727 4057 798 4108 ducit
815 4057 846 4107 R.
874 4054 939 4108 roz.
957 4062 1038 4108 morte
1056 4069 1107 4107 nou

68 4136 145 4202 dub.)
162 4143 269 4199 mortem
287 4152 338 4190 non
355 4139 416 4191 dub.
435 4138 466 4189 Ο.
