2610 4634
188 285 232 348 uo
408 300 636 346 ruscuuau.
674 296 1024 378 orsrura'rronum

194 488 337 547 sentientis
358 495 416 562 est,
438 505 490 546 nec
511 506 609 547 sensus
631 488 661 547 in
678 494 809 560 mortu03
837 503 987 544 necarere
1010 487 1125 561 quidem
1147 487 1231 559 igitur

193 598 223 655 in
245 605 354 654 mortuo
376 604 426 654 cst.

278 705 427 762 XXXVll.
456 700 508 762 89.
536 704 700 777 Quanquam
725 703 796 778 quid
818 719 889 775 opus
911 701 1003 760 estin
1024 701 1079 758 hoc
1100 701 1228 774 philoso-

193 811 289 887 phari,
317 829 403 887 mum
425 827 485 868 rem
507 828 563 866 non
585 828 686 883 magno
709 828 793 884 opere
821 809 999 885 philosophia
1026 824 1109 880 egere
1131 809 1227 866 uidea-

192 916 279 977 mus?
305 918 438 988 Quotiens
467 935 523 976 non
551 920 635 975 modo
657 920 785 976 ductores
807 918 905 992 nostri,
928 918 977 974 scd
1000 917 1124 973 uniuersi
1147 916 1228 974 etiam

160 1046 165 1054 ·
193 1026 329 1083 exercitus
351 1026 386 1083 ad
408 1044 464 1083 non
486 1026 598 1083 dubiam
619 1032 736 1082 mortem
763 1027 975 1082 concurrerunt!
1010 1026 1087 1093 Quae
1114 1023 1228 1098 quidem

193 1133 218 1190 si
239 1133 389 1209 timeretur,
412 1151 468 1190 non
479 1136 511 1192 L.
522 1135 624 1190 Brutus
647 1150 743 1190 arcens
766 1150 830 1189 eum
850 1133 941 1189 reditu
963 1138 1120 1205 tyrannum,
1144 1147 1228 1204 qirem

192 1237 253 1313 ipse
274 1242 430 1315 expulerat,
453 1241 482 1298 in
498 1241 611 1315 proelio
633 1240 816 1313 concidisset3
839 1258 896 1297 uon
917 1256 981 1297 cum
1001 1238 1106 1296 Latinis
1130 1238 1227 1294 decer-

192 1352 253 1404 tans
275 1353 353 1420 pater
373 1348 491 1423 Decius,
521 1365 584 1405 curn
604 1348 729 1406 Etruscis
752 1347 841 1422 lilius,
871 1363 934 1404 cum
954 1347 1063 1420 Pyrrho
1085 1363 1174 1418 nepos
1196 1361 1227 1401 se

193 1447 314 1511 hostium
335 1455 396 1512 telis
427 1456 607 1533 obiecissent3
636 1473 693 1513 non
718 1472 775 1512 uno
803 1456 879 1512 hello
896 1471 960 1528 pro
987 1453 1075 1528 patria
1096 1453 1227 1509 cadentes

193 1562 338 1637 Scipiones
355 1563 490 1636 Hispania
510 1564 635 1638 uidisset,
657 1563 786 1623 Paullum
807 1569 835 1619 et
855 1563 1004 1620 Geminum
1026 1561 1147 1631 Cannae,
1169 1561 1226 1617 Uc-

192 1669 273 1728 nusia
300 1671 479 1744 Marcellum,
511 1672 607 1728 Litana
634 1671 782 1744 Albinum,
817 1669 921 1727 Lucani
944 1668 1108 1726 Gracchum.
1151 1667 1226 1724 Num

193 1777 256 1850 quis
277 1778 378 1834 horum
399 1778 485 1835 miser
511 1776 617 1835 hodie?
649 1779 692 1835 Ne
719 1786 779 1836 tum
807 1777 920 1852 quidem
941 1783 1005 1851 post
1027 1775 1155 1847 spiritum
1177 1791 1225 1830 ex·

191 1889 326 1957 tremum;
347 1901 399 1940 nec
416 1885 489 1942 enirn
505 1891 596 1958 potest
613 1903 675 1943 esse
693 1887 778 1943 miser
796 1885 943 1959 quisquam
965 1900 1049 1940 sensu
1070 1887 1242 1966 perempto.¹

191 1986 242 2049 90.
264 1991 300 2049 At
321 1971 463 2064 idipsum
485 1994 613 2051 odiosum
635 1998 692 2067 est,
722 1993 782 2050 sine
804 2009 887 2049 sensu
909 2007 980 2047 esse.
1024 1989 1178 2062 Odiosum,
1202 1986 1226 2046 si

191 2096 222 2154 id
244 2104 317 2155 esset
339 2116 441 2156 carere.
485 2101 578 2168 Quum
599 2117 666 2157 uero
689 2099 866 2174 perspicuum
888 2098 923 2155 sit
944 2097 1014 2154 nihil
1035 2113 1120 2169 posse
1139 2096 1169 2154 in
1190 2113 1224 2152 eo

192 2220 271 2283 esse,
300 2205 348 2279 qui
369 2206 429 2280 ipse
450 2224 507 2264 non
536 2208 585 2282 sit,
616 2207 683 2281 quid
705 2213 796 2281 potest
817 2223 879 2264 esse
900 2205 930 2263 in
952 2222 986 2262 co
1006 2204 1154 2278 odiosum,
1177 2201 1226 2277 qui

191 2327 244 2368 nec
266 2318 356 2370 careat
376 2329 428 2370 ncc
456 2312 576 2371 sentiat?
609 2317 773 2389 Quanquam
800 2315 854 2371 hoc
881 2314 993 2387 quidem
1020 2312 1103 2370 nimis
1131 2328 1224 2385 saepe,

192 2419 242 2476 scd
270 2437 320 2494 eo,
353 2422 428 2495 quod
455 2421 485 2478 in
506 2422 567 2499 hoc
586 2422 659 2479 inest
687 2421 777 2480 omnis
805 2421 888 2479 animi
917 2420 1066 2478 contractio
1094 2437 1129 2477 ex
1149 2424 1226 2475 metu

191 2527 298 2585 mortis.
331 2528 386 2596 Qui
403 2528 477 2586 enim
495 2529 559 2588 satis
576 2531 687 2605 uiderit,
708 2530 738 2588 id
754 2531 828 2605 quod
851 2536 893 2586 est
913 2528 975 2585 lucc
998 2528 1109 2600 clarius,
1131 2527 1224 2585 animo

193 2641 220 2692 et
241 2652 358 2708 corpore
380 2645 542 2712 consumpto
565 2644 678 2712 totoque
699 2638 836 2695 animante
858 2636 949 2692 deleto
971 2642 1000 2691 et
1019 2636 1091 2692 sacto
1113 2635 1225 2692 interitu

192 2741 323 2800 uniuerso
346 2745 414 2801 illud
437 2745 549 2820 animal,
572 2747 648 2819 quod
670 2745 762 2817 fuerit,
785 2744 887 2800 lactum
909 2759 970 2798 esse
992 2743 1073 2814 nihil,
1095 2741 1120 2799 is
1142 2742 1224 2814 plane

153 2888 163 2907 .
192 2849 341 2921 perspiciet
361 2851 432 2908 inlcr
447 2852 712 2925 Hippocentaurum,
735 2851 782 2925 qui
805 2867 945 2923 nunquam
967 2851 1058 2924 fuerit,
1081 2856 1108 2906 ct
1129 2865 1226 2921 regern

191 2955 429 3027 Agamemnonem
449 2958 519 3015 nihil
540 2959 674 3017 interesse
700 2977 752 3016 nec
776 2957 864 3033 pluris
892 2974 965 3013 nunc
993 2957 1083 3014 facere
1104 2958 1146 3015 Μ.
1169 2956 1226 3013 Ca·

192 3061 301 3118 millum
323 3061 377 3118 hoc
398 3064 480 3121 ciuile
501 3066 617 3138 bellum,
640 3079 723 3135 quam
746 3080 799 3135 ego
820 3063 887 3121 uiuo
910 3064 958 3120 illo
982 3063 1096 3121 fecerim
1107 3064 1226 3120 Romam

192 3173 308 3240 captam.
341 3169 398 3226 Cur
419 3170 504 3243 igitur
524 3179 552 3228 et
572 3172 705 3229 Camillus
727 3172 845 3246 doleret,
865 3171 890 3230 si
913 3171 982 3227 haec
1003 3177 1066 3244 post
1087 3170 1226 3227 trecentos

193 3281 221 3333 et
242 3276 440 3350 quinquaginta
461 3279 519 3336 lere
545 3296 632 3337 annos
656 3284 787 3336 euentura
815 3285 939 3353 putaret,
971 3284 997 3336 ct
1024 3294 1076 3349 ego
1103 3278 1226 3351 doleam,

193 3385 217 3442 ai
233 3386 267 3441 ad
285 3385 380 3441 decem
395 3385 471 3442 milia
492 3403 627 3442 annorum
649 3392 759 3458 gentem
776 3387 897 3460 aliquam
908 3387 1007 3442 urbem
1018 3377 1138 3442 nostram
1152 3385 1227 3456 poti-

192 3499 281 3552 turam
302 3491 419 3568 putem?
441 3493 512 3561 Quia
535 3499 607 3551 tanta
628 3491 726 3551 canlhs
747 3496 850 3566 patriae
869 3500 921 3570 est,
942 3500 972 3550 ut
990 3511 1051 3551 eam
1069 3509 1125 3549 non
1141 3507 1228 3549 seusu

192 3607 299 3679 nostro,
322 3601 372 3659 sed
394 3603 481 3658 salute
502 3587 590 3673 ipsius
614 3601 768 3659 metiamur.

199 3824 456 3838 m..—

259 3977 302 4027 89.
320 3976 460 4043 Quotiens)
469 3978 576 4059 Quoties
594 3977 628 4031 0.
662 3972 854 4035 concurrerunt)
871 3977 1042 4026 concurrerint
1059 3976 1092 4030 R.
1119 3990 1153 4027 aa
1170 3979 1226 4031 coll.

191 4060 241 4112 lsr.
269 4061 424 4134 Geminum}
451 4061 597 4115 Geminum
622 4060 643 4072 “
804 4058 894 4111 '‘lun
909 4058 943 4111 R.
968 4060 1053 4113 Latini
1071 4059 1103 4112 0.
1139 4063 1183 4113 90.
1200 4064 1229 4114 id

190 4144 290 4216 ipsum)
307 4149 393 4213 ipsum
409 4147 431 4192 R
915 4142 945 4197 lo
960 4144 1024 4196 aluo
1041 4143 1074 4195 0.
