2610 4634
129 251 172 312 88
345 261 572 308 ruscunau.
603 245 953 309 nrsrurnriouuu

42 490 46 497 ·
130 470 216 527 quae.
230 460 272 510 est
298 453 426 524 uoluptas
454 450 538 509 animi
560 451 630 508 elata
651 456 679 507 et
708 453 840 522 gestiens.
884 453 949 526 lpse
971 454 1057 511 etiam
1078 461 1165 513 metus
1191 476 1196 489 ⁴

130 579 187 618 non
208 566 251 618 est
271 559 362 617 morbi
384 559 534 616 admodum
556 557 665 631 similis,
689 575 846 631 quanquam
863 559 1032 631 aegritudini
1050 563 1165 620 estlini·

130 668 230 741 timus,
254 667 302 724 sed
325 665 438 739 proprie
460 671 490 723 ut
511 664 661 736 aegrotatio
689 664 719 721 in
747 681 882 739 corpore,
908 664 948 722 sie
970 667 1118 738 aegritudo
1140 669 1167 726 in

57 796 63 806 ·
131 775 223 832 animo
250 789 353 830 nomen
374 772 457 828 habet
484 788 541 829 non
569 770 723 829 seiunctum
750 788 767 828 a
796 771 904 828 dolore.
947 773 1063 831 Doloris
1086 774 1187 833 huius·

130 881 215 953 igitur
237 879 316 951 origo
338 878 420 935 nobis
442 877 603 950 explicanda
626 883 684 950 est,
712 877 741 935 id
762 884 805 935 est
826 895 907 935 eausa
929 877 1056 937 efficiens
1077 881 1167 953 aegri-

131 987 255 1045 tudinem
276 986 305 1043 in
327 984 420 1042 animo
443 990 573 1056 tauquam
584 985 801 1055 aegrotationem
822 984 852 1041 in
874 1002 1002 1057 corpore.
1046 987 1119 1044 Nam
1141 994 1169 1044 ut
1204 984 1207 991 ⁴

130 1093 232 1152 medici
253 1108 335 1148 causa
356 1091 449 1148 morbi
475 1089 586 1147 inuenta
615 1091 785 1146 curationem
811 1108 873 1148 esse
899 1091 1042 1149 inuentam
1063 1099 1167 1166 putant,

131 1200 172 1258 sie
181 1216 233 1256 nos
246 1215 329 1256 eausa
344 1197 524 1270 aegritudinis
542 1203 650 1269 reperta
667 1182 798 1281 medendi
813 1198 972 1273 facultatem
985 1199 1167 1272 reperiemus.

216 1308 267 1363 XI.
284 1303 335 1364 24.
353 1298 410 1363 Est
429 1303 514 1374 igitur
536 1320 618 1360 eausa
640 1303 730 1360 omnis
751 1303 782 1360 in
804 1304 935 1376 opinione
956 1322 1009 1362 uec
1030 1323 1100 1363 uero
1122 1323 1168 1364 ae·

72 1430 76 1434 ·
124 1410 278 1487 ‘gritudinis
304 1413 411 1485 solum,
441 1411 491 1467 sed
520 1404 603 1467 etiam
630 1411 802 1484 reliquarum
829 1410 954 1468 omnium
981 1413 1168 1484 perturbatio·

56 1490 64 1501 ⁸
130 1539 208 1594 num,
231 1537 301 1594 quae
324 1524 387 1576 sunt
408 1534 510 1589 genere
531 1523 669 1591 quattuor,
691 1500 816 1589 partibus
838 1519 945 1590 plures.
989 1519 1061 1575 Nam
1083 1536 1169 1592 quum

88 1636 91 1643 ’
131 1627 222 1687 omnis
250 1625 419 1699 perturbatio
449 1624 484 1680 sit
512 1622 596 1680 animi
618 1629 708 1680 motus
732 1615 809 1699 [uel]
833 1624 948 1680 rationis
978 1642 1094 1700 expers,
1123 1627 1168 1682 uel

132 1736 266 1793 rationem
289 1746 439 1804 aspernans
462 1731 506 1785 uel
529 1729 627 1786 rationi
650 1746 705 1786 non
728 1730 880 1803 obediens,
907 1729 989 1804 isque
1010 1738 1103 1788 motus
1125 1738 1170 1789 aut

130 1840 200 1896 boni
220 1844 267 1895 aut
288 1839 353 1894 mali
375 1835 506 1908 opinione
529 1836 636 1906 citetur,
655 1835 782 1892 bifariam
800 1842 931 1909 quattuor
946 1838 1190 1910 perturbationes

131 1946 282 2018 aequaliter
303 1936 465 2000 distributae
487 1949 559 1999 sunt
609 1942 680 1998 Nam
702 1943 772 1999 duae
795 1949 859 1999 sunt
880 1960 914 1999 ex
937 1942 1071 2016 opinione
1091 1945 1169 2018 boni,

132 2067 250 2125 quarum
271 2051 356 2107 altera
385 2050 514 2122 uoluptas
544 2043 684 2122 gestiens‘,
713 2047 742 2105 id
769 2056 812 2106 est
832 2057 941 2122 praeter
961 2050 1080 2108 modum
1093 2053 1171 2119 elata

132 2157 234 2216 laetitia
263 2154 395 2229 opinione
423 2157 575 2228 praesentis
603 2155 695 2226 magni
716 2155 834 2213 alicuius
857 2157 940 2230 boni,
967 2159 1069 2231 altera,
1100 2174 1170 2231 quae

133 2271 176 2322 est
196 2264 375 2321 immoderata
398 2263 528 2336 appetitio
558 2261 661 2336 opinati
688 2262 783 2333 magni
810 2263 877 2320 boni
904 2262 1005 2320 rationi
1032 2281 1089 2321 non
1103 2265 1171 2337 ,ob-

133 2379 299 2445 temperans,
322 2372 368 2426 uel
391 2371 525 2442 cupiditas
548 2375 620 2426 reete
642 2370 689 2424 uel
711 2369 800 2426 libido
822 2369 877 2446 dici
896 2376 997 2441 potest.
1028 2367 1082 2429 25.
1093 2372 1171 2443 Ergo
1195 2420 1203 2435 ,

133 2477 201 2534 llaec
223 2478 278 2534 duo
300 2493 412 2550 genera,
435 2477 564 2548 uoluptas
586 2474 707 2546 gestiens
725 2481 752 2532 et
770 2476 870 2548 libido,
887 2477 1027 2533 bonorum
1038 2476 1171 2550 opinione

134 2586 288 2656 turbantur,
311 2590 342 2641 ut
363 2586 418 2641 duo
441 2583 558 2656 reliqua,
580 2587 670 2639 metus
692 2587 720 2638 et
740 2582 899 2657 aegritudo,
918 2583 1066 2641 malorum.
1101 2585 1172 2641 Nam

134 2697 162 2748 et
182 2680 273 2749 metus
296 2690 390 2763 opinio
412 2690 505 2762 magni
526 2690 592 2746 mali
609 2688 792 2759 impendentis
808 2695 835 2744 et
851 2689 995 2760 aegritudo
1011 2695 1054 2746 est
1076 2689 1172 2762 opinio
1187 2720 1198 2735 ι

91 2833 96 2846 ·
133 2798 227 2871 magni
249 2798 313 2854 mali
341 2797 493 2870 praesentis
522 2803 550 2853 et
576 2795 689 2869 quidem
717 2813 813 2852 reeens
835 2796 929 2868 opinio
951 2797 1015 2853 talis
1036 2796 1121 2868 mali,
1144 2803 1174 2854 ut

134 2905 163 2962 iu
185 2922 219 2960 eo
242 2911 347 2960 rectum
368 2903 495 2960 uideatur
516 2919 578 2959 esse
600 2902 682 2973 angi:
703 2901 733 2958 id
754 2909 847 2959 autem
865 2908 916 2976 est,
939 2909 969 2958 ut
989 2902 1024 2976 is,
1047 2901 1096 2976 qui
1119 2902 1182 2958 do·-n

53 3082 58 3089 η
135 3014 199 3083 leat,
223 3015 351 3081 oportere
374 3009 501 3081 opinetur
524 3025 553 3065 se
575 3008 681 3090 dolere.
717 3009 772 3065 His
793 2980 885 3067 autem
906 3008 1171 3082 perturbationibus,

135 3134 204 3191 quas
226 3115 255 3172 in
277 3114 362 3170 uitam
383 3114 527 3171 hominum
549 3114 661 3172 stultitia
683 3113 763 3188 quasi
786 3117 919 3189 quasdam
943 3113 1030 3170 lunias
1051 3114 1174 3171 immittit

136 3229 217 3297 atque
239 3221 348 3294 incitat,
378 3221 507 3279 omnibus
529 3220 637 3278 uiribus
659 3226 741 3294 atque
763 3221 865 3293 opibus
886 3221 1098 3291 repugnandum
1120 3227 1173 3295 est,
1205 3207 1212 3213 ’

137 3331 161 3389 si
183 3331 312 3388 uolumus
336 3329 406 3401 hoe,
434 3328 510 3401 quod
533 3329 626 3384 datum
652 3333 694 3384 est
714 3327 808 3403 uitae,
838 3314 986 3399 tranquille
1008 3327 1174 3399 placideque

137 3419 289 3496 traducere.
334 3415 390 3492 Sed
412 3440 502 3493 cetera
523 3435 607 3507 alias;
630 3451 703 3493 nune
724 3433 942 3507 aegritudinem,
966 3433 990 3491 si
1011 3448 1186 3506 possumus,¹

205 3601 367 3663 aegritudini)
385 3600 540 3661 aegritudine
558 3599 612 3650 ΒΡ.
646 3595 752 3662 nomen)
770 3599 855 3648 locum
872 3598 939 3650 Non.
954 3611 983 3660 p.
992 3594 1064 3650 443.
1091 3596 1175 3646 morbi

137 3683 409 3748 launomarum
419 3664 586 3746 nonnmo'
611 3681 756 3749 24.[ne1]]
774 3682 828 3730 sane
846 3681 1005 3754 euronio.
1035 3679 1176 3745 oberrans)

138 3770 275 3819 oboediens
292 3770 323 3818 R.
360 3769 446 3832 altero,
463 3780 527 3828 unae
545 3767 597 3830 est)
614 3769 691 3817 altera
709 3767 848 3829 cupiditas,
865 3778 930 3827 quoe
948 3771 1015 3816 reete
1034 3766 1075 3814 nel
1094 3765 1174 3816 libido
1224 3760 1233 3771 '

138 3853 188 3902 diei
207 3857 304 3916 potest,
323 3866 388 3914 quae
406 3859 445 3904 est
461 3852 515 3901 ΒΡ.
563 3852 650 3914 altero,
668 3851 795 3912 cupiditas
811 3853 880 3899 reete
896 3849 936 3897 rel
955 3849 1035 3899 libido
1054 3849 1106 3899 diei
1125 3862 1176 3910 po-

138 3941 200 3997 test3
217 3948 282 3996 quoe
300 3941 338 3985 est
359 3936 381 3986 0
434 3937 476 3986 uel
493 3936 618 3996 cupiditas
635 3939 702 3984 reete
720 3934 762 3985 uel
780 3931 859 3983 libido
877 3932 926 3980 diei
946 3931 1049 3996 potest)
1071 3946 1123 3982 om.
1142 3931 1176 3982 0.

138 4018 180 4068 25.
198 4019 383 4083 impendentis)
402 4015 569 4081 inpendentes
587 4018 641 4069 BP.
675 4030 739 4080 quas
756 4017 783 4067 in
802 4012 896 4078 uram)
912 4015 985 4076 quasi
1004 4017 1031 4067 in
1049 4017 1103 4068 uita
1119 4002 1175 4068 le.

141 4099 269 4169 immittit)
289 4102 399 4153 immitet
419 4102 450 4152 P.
484 4100 582 4166 oeten)
597 4106 693 4155 eeterm
710 4099 743 4152 0.
