2610 4634
186 277 231 342 oo
396 288 1014 341 rosensennrerorurronun

187 484 307 561 murus,
329 484 385 542 nisi
404 483 528 543 αιιίωιιιιι
548 485 585 541 ad
605 501 637 542 se
661 482 753 557 ipsum
774 481 953 557 eduocamus,
975 497 1069 539 secum
1091 498 1155 539 eece
1177 499 1228 541 oo·

188 592 280 666 gimus
307 591 484 666 maximeque
511 609 528 649 a
555 608 673 664 corpore
699 585 887 648 abducimusl
920 590 1072 646 secernere
1100 594 1231 646 autema

188 717 308 773 corpore
328 700 451 757 animum
473 699 572 772 ecquid
594 697 670 756 aliud
691 703 734 754 est
754 713 838 770 quam
866 696 953 752 emori
969 692 1101 752 discere?
1134 697 1230 764 Quare

192 809 248 866 boc
269 813 501 880 commentemur,
523 804 592 863 mibi
614 805 714 877 crede,
736 804 967 876 diiungemusque
990 820 1042 859 nos
1063 819 1080 861 a
1101 804 1230 876 corpori·

191 916 257 989 bun,
278 916 309 972 id
330 920 373 971 est
393 929 606 971 consuescamus
627 911 707 968 mori.
744 913 808 968 Hoc
830 917 866 985 et,
888 911 954 967 dum
976 909 1078 967 erimus
1095 909 1230 986 interris,

80 1064 88 1075 ,
189 1023 244 1081 erit
271 1021 314 1079 illi
344 1021 457 1078 coelesti
485 1020 558 1077 uitae
586 1019 695 1091 simile,
729 1026 756 1076 et
784 1035 871 1092 quum
898 1017 965 1074 illuc
995 1035 1029 1073 er
1057 1018 1102 1074 bis
1129 1016 1230 1075 uinclis

190 1129 285 1187 emissi
309 1129 446 1201 feremur,
475 1126 566 1184 miuus
587 1126 739 1183 tardabitur
760 1142 857 1182 cursus
879 1124 1043 1181 animorum.
1087 1126 1161 1182 Nam
1182 1124 1231 1198 qui

190 1235 221 1295 in
242 1234 424 1307 compedibus
445 1233 572 1307 corporis
591 1249 702 1306 semper
719 1233 840 1306 luerunt,
857 1233 939 1290 efiam
955 1249 1042 1306 quum
1059 1232 1143 1289 soluti
1155 1237 1230 1307 sunt,

191 1343 295 1402 tardius
317 1342 527 1416 ingrediuntur,
549 1348 581 1399 ut
600 1341 638 1415 ii,
660 1339 709 1415 qui
731 1340 805 1398 terro
828 1339 913 1397 uincti
933 1341 1035 1417 multos
1057 1328 1145 1398 anuos
1167 1340 1230 1397 fue·

191 1458 265 1510 runt.
302 1451 365 1520 Quo
387 1466 474 1524 quum
495 1448 666 1523 dederimus,
688 1455 746 1506 tum
768 1447 888 1521 denique
910 1449 1055 1521 uiuemus;
1076 1463 1141 1504 nam
1162 1446 1231 1505 haec

191 1558 306 1634 quidem
328 1557 385 1616 uita
406 1573 482 1614 mors
504 1562 556 1630 est,
579 1573 664 1630 quam
685 1554 827 1613 lamentari
848 1571 971 1627 possem,
994 1554 1018 1611 si
1039 1554 1149 1613 liberet.

277 1663 328 1725 76.
362 1665 396 1722 Α.
431 1663 504 1723 Satis
533 1670 562 1720 tu
589 1662 703 1736 quidem
729 1651 768 1719 iu¹
786 1662 974 1719 consolatione
1002 1678 1032 1718 es
1054 1652 1229 1736 lamentatus,

193 1787 276 1846 mm
304 1786 390 1843 quum
411 1771 491 1844 lego,
523 1769 592 1827 nibil
614 1771 688 1827 malo
718 1786 801 1842 quam
830 1769 880 1825 bas
909 1785 954 1826 res
982 1769 1157 1845 relinquere,
1186 1768 1230 1827 his

191 1894 261 1936 uero
282 1877 366 1934 modo
389 1875 489 1933 auditis
511 1877 597 1933 multo
620 1877 718 1950 magis.
757 1878 797 1936 Μ.
819 1875 919 1934 [leniet
939 1882 1047 1948 tompus
1069 1875 1230 1950 etquidem

191 1983 319 2043 celeriter
340 1989 367 2041 et
389 1982 450 2041 siue
470 1983 630 2041 retractabis
652 1985 713 2043 siue
734 1984 916 2059 properabis3
938 1986 1015 2042 uolet
1043 1983 1119 2040 enim
1145 1989 1230 2042 aetas.

194 2090 313 2151 Tantum
334 2096 426 2149 eutem
446 2090 525 2149 abest
545 2091 580 2148 ab
602 2108 648 2166 eo,
669 2097 702 2148 ut
722 2093 826 2148 malum
847 2108 923 2149 mors
945 2091 990 2163 sit,
1013 2092 1088 2165 quod
1110 2089 1160 2147 tibi
1178 2091 1230 2148 dn·

195 2196 262 2257 dum
284 2197 439 2270 uidebatur,
462 2203 493 2255 ut
513 2214 621 2271 uereor,
643 2215 679 2256 ne
700 2196 806 2254 bomini
828 2197 898 2255 nibil
915 2198 1022 2256 sitnon
1040 2197 1231 2255 malumnliud

194 2310 286 2380 corte,
314 2304 364 2362 scd
391 2303 460 2362 nibil
488 2304 592 2362 bonum
620 2305 695 2362 eliud
722 2305 832 2379 potius3
865 2305 889 2363 si
917 2306 1030 2380 quidem
1050 2307 1096 2363 uel
1124 2305 1154 2361 di
1175 2303 1229 2377 ipsi

193 2412 240 2469 uel
269 2427 332 2469 cum
355 2411 397 2469 dis
426 2410 510 2469 futuri
531 2428 637 2468 sumus.
669 2412 704 2468 A.
727 2410 801 2481 Quid
823 2410 928 2472 referti
949 2414 1059 2470 Adsunt
1079 2412 1164 2487 enim,
1182 2411 1231 2486 qui

193 2516 263 2577 buco
284 2534 340 2577 non
364 2519 493 2592 probent.
529 2519 569 2578 M.
580 2521 643 2591 Ego
663 2524 754 2576 cunm
776 2536 917 2592 nunquam
938 2519 975 2577 ita
995 2526 1023 2577 te
1044 2520 1073 2577 in
1095 2520 1150 2577 boc
1171 2535 1231 2576 ser-

197 2641 280 2685 mono
302 2626 447 2703 dimittam,
469 2628 527 2686 ulln
548 2626 653 2685 ratione
676 2633 706 2685 ut
726 2643 803 2684 mors
824 2625 874 2684 tibi
894 2625 985 2683 uideri
1006 2628 1109 2684 malum
1130 2626 1230 2699 possit,

196 2731 246 2793 ⁷7.
276 2733 309 2791 ll.
338 2734 393 2804 Qui
422 2740 529 2809 potest,
558 2752 645 2808 quum
672 2735 724 2792 ista
751 2730 955 2806 cognoueriml
987 2735 1026 2794 M.
1054 2733 1109 2803 Qui
1130 2733 1230 2808 possit,

195 2835 305 2909 copus?
339 2840 471 2910 Cutoruee
501 2841 614 2898 ueniunt
641 2846 736 2898 contra
762 2840 911 2899 dicentium
939 2859 992 2899 nec
1013 2842 1103 2899 solum
1124 2841 1231 2914 Epicu·

198 2961 328 3019 reorum,
351 2940 425 3019 quos‘
444 2940 576 3020 'equidem
605 2964 662 3003 non
690 2946 831 3021 despicio,
854 2950 918 3023 sed,
940 2948 1036 3007 nescio
1058 2949 1232 3022 quomodo,

195 3049 373 3109 doctissimus
395 3053 514 3127 quisquc
541 3052 708 3129 contemnit;
741 3054 874 3112 acerrime
902 3062 993 3113 autem
1015 3056 1131 3113 deliciae
1152 3072 1232 3112 meae

198 3156 384 3217 Dicaearchus
406 3166 500 3218 contra
521 3160 592 3219 hauc
613 3160 845 3219 immortalitatem
867 3163 1006 3221 disseruit.
1038 3165 1067 3220 ls
1083 3162 1157 3219 euim
1175 3168 1232 3220 tres

195 3265 283 3325 libros
312 3265 439 3342 scripsit,
462 3267 511 3342 qui
538 3267 666 3325 lesbiaci
693 3275 843 3343 uocantur,
872 3271 948 3343 quod
974 3269 1116 3344 Mytilenis
1138 3286 1233 3327 sermo

197 3372 330 3449 babetur,
359 3373 388 3432 in
410 3373 511 3448 quibus
533 3370 725 3433 uult'eificere
747 3377 855 3435 animos
877 3394 940 3435 esse
960 3378 1099 3435 mortales.
1144 3377 1233 3435 Stoici

204 3581 497 3599 ‘m

262 3715 305 3768 75.
325 3718 495 3784 aduooemus)
512 3732 650 3771 edocemus
659 3721 691 3771 ll.
724 3722 815 3785 ecquid
832 3721 901 3772 eliud
920 3726 961 3772 est
976 3733 1053 3784 mem
1072 3718 1166 3787 emori]
1185 3735 1235 3773 nec

195 3800 331 3862 quicquum
350 3802 420 3853 eliud
437 3809 476 3854 est
493 3818 569 3868 quarn
588 3806 667 3855 emori
685 3806 718 3856 R.
747 3820 781 3857 cc
797 3807 853 3857 coll.
864 3805 989 3856 oocnee
1006 3806 1144 3869 quicquam
1158 3808 1232 3859 allud

195 3885 276 3935 emori
286 3885 317 3936 ll.
336 3899 370 3936 ec
387 3888 443 3938 oott.
461 3889 510 3940 Isr.
546 3903 593 3943 uec
611 3891 750 3953 quidquam
767 3891 837 3943 allud
855 3896 896 3942 est
910 3891 976 3942 mori
995 3891 1027 3942 Ο.
1059 3893 1234 3956 mihicrede)

196 3979 238 4028 tn.v
253 3970 322 4021 credl
339 3970 371 4020 ll.
404 3973 640 4039 dilungnmueque)
657 3976 758 4029 dietum
910 3973 976 4028 ⁰¹1]
991 3976 1112 4029 liberetm
1129 3976 1162 4031 li.
1187 3977 1233 4028 76.

195 4051 299 4107 Adeunt
309 4079 338 4090 -
349 4055 470 4122 probent)
479 4058 517 4111 tt.
528 4058 616 4111 moute
624 4058 658 4111 0.
684 4075 686 4080 ·
1018 4060 1031 4117 l
1045 4062 1150 4119 ullone
1160 4067 1192 4115 ut
1199 4062 1233 4115 ll.

197 4139 249 4192 ulle
267 4139 304 4191 utl
321 4140 418 4193 rollone
436 4139 469 4193 0.
496 4142 540 4195 77.
556 4156 582 4195 ιν
