2610 4634
136 249 200 313 101
327 262 945 310 nuscuntuorsrurarronnu
1047 265 1052 276 ·

134 470 200 510 nere
221 452 295 509 terre
316 452 385 509 illud
407 469 506 527 aegre,
534 452 610 526 quod
637 451 780 525 acciderit,
813 459 873 509 tum
900 453 1024 526 denique
1054 454 1169 511 efficitur

134 561 182 617 illa
203 560 296 632 grauis
318 559 500 631 aegritudinis
520 559 698 631 perturbatio.
740 560 784 616 Ex
806 560 858 617 hac
879 560 1014 633 opinione
1038 567 1104 617 sunt
1125 561 1169 619 illa
1194 603 1199 607 -

133 667 209 725 uaria
231 673 259 723 et
280 666 452 724 detestabilia
478 682 580 738 genera
606 664 737 738 lugendi,
765 667 919 740 paedores,
946 667 1103 724 muliebres
1130 670 1170 725 la·

133 773 286 831 rorationes
312 789 461 847 genarum,
494 772 631 846 pectoris,
659 771 810 846 feminum,
839 773 937 846 eapitis
964 774 1169 846 percussiones.

134 880 207 937 Hinc
232 877 280 936 ille
301 881 473 951 Agamemno
494 880 661 936 Homericus
683 885 710 935 et
730 879 805 935 idem
825 880 976 953 Accianus,

218 987 350 1044 Seiodear
373 987 469 1043 dolore
489 989 636 1042 identidem
655 989 797 1042 intonsam
818 1004 939 1058 comem,

133 1093 161 1151 in
183 1110 238 1166 quo
267 1093 385 1151 facetum
413 1093 483 1150 illud
509 1091 623 1164 Bionis,
651 1092 766 1165 perinde
794 1092 989 1151 stultissimum
1016 1111 1114 1166 regem
1142 1095 1170 1152 in

132 1201 207 1257 luctu
229 1199 361 1272 capillum
390 1199 444 1257 sibi
473 1201 612 1272 euellere,
642 1200 720 1272 quasi
749 1200 859 1257 caluitio
888 1217 1001 1257 maeror
1022 1201 1170 1258 leuaretur.

132 1304 183 1365 63.
205 1307 262 1363 Sed
284 1307 350 1363 haec
373 1306 464 1363 omnia
486 1306 589 1362 iaciunt
610 1305 753 1378 opinantes
770 1306 807 1362 ita
826 1306 887 1363 lieri
900 1313 1042 1379 oportere.
1076 1309 1170 1382 ltaque

132 1417 160 1468 et
180 1412 333 1469 Aeschines
354 1413 382 1470 in
404 1413 621 1471 Demosthenem
647 1412 803 1485 inuehitur,
831 1413 908 1485 quod
935 1414 960 1470 is
983 1414 1105 1487 septimo
1127 1415 1171 1471 dic

132 1526 196 1592 post
217 1520 290 1577 filiae
312 1527 428 1577 mortem
451 1520 553 1578 hostias
580 1519 788 1577 immolauisset
841 1520 878 1576 At
904 1537 990 1593 quam
1016 1521 1171 1594 rhetorice,

132 1643 216 1701 quam
238 1626 367 1699 copiose!
392 1644 459 1701 quas
482 1627 630 1684 sententias
653 1626 768 1698 colligit,
791 1643 861 1699 quae
885 1628 973 1684 uerba
991 1632 1170 1702 contorquett

131 1741 162 1790 ut
183 1734 266 1791 licere
288 1733 399 1807 quiduis
422 1733 525 1790 rhetori
548 1732 695 1804 intelligas.
739 1734 817 1802 Quae
838 1750 920 1790 nemo
943 1736 1094 1809 probaret,
1118 1735 1172 1793 uisi

131 1839 243 1896 insitum
265 1839 334 1896 illud
357 1837 385 1894 in
407 1839 504 1896 animis
521 1839 697 1911 haberemus,
716 1856 812 1896 omnes
829 1840 918 1896 bonos
931 1840 1045 1898 interitu
1056 1859 1171 1899 suorum

131 1961 215 2018 quam
248 1944 411 2017 grauissime
443 1962 567 2003 maerere
595 1953 733 2018 oportere.
787 1947 831 2003 Ex
857 1947 912 2003 hoc
939 1940 1052 2022 duenit,
1086 1956 1117 2007 ut
1143 1950 1171 2007 ln

131 2051 214 2108 animi
238 2050 383 2108 doloribus
410 2052 457 2109 alii
489 2051 653 2109 solitudines
682 2038 807 2126 captent,
841 2059 871 2109 ut
898 2052 936 2111 ait
963 2055 1108 2113 Homerus
1136 2057 1172 2113 de

130 2158 359 2232 Bellerophonte,

218 2266 276 2335 Qut
296 2270 378 2323 miser
398 2269 429 2324 tn
451 2270 555 2340 eampis
576 2285 697 2324 monens
720 2269 833 2324 errabat
853 2265 927 2324 Aleis

214 2372 280 2445 lpse
301 2390 381 2429 seem
402 2391 450 2430 eor
472 2377 561 2447 edeta,
583 2376 726 2431 bominum
746 2377 868 2447 uestigia
888 2378 1002 2445 eitam
1110 2444 1121 2451 α

130 2486 159 2538 et
179 2478 270 2536 Nioba
297 2478 411 2551 fingitur
437 2479 547 2553 lapidea
575 2488 689 2554 propter
715 2488 874 2556 aeternum,
902 2482 1004 2555 credo,
1039 2483 1069 2539 in
1097 2485 1172 2540 luctu

59 2622 62 2630 ·
130 2587 288 2661 silentinm;
320 2587 466 2645 Hecubam
494 2594 585 2645 autem
611 2594 706 2660 putant
733 2596 847 2661 propter
875 2587 959 2645 animi
991 2591 1171 2647 acerbitatem

130 2695 269 2769 quandam
290 2701 318 2751 et
339 2694 445 2751 rabiem
467 2694 535 2768 tingi
556 2694 585 2751 in
607 2711 703 2752 canem
725 2712 786 2752 esse
809 2712 981 2753 conuersam.
1027 2697 1100 2753 Sunt
1120 2715 1171 2754 au-

130 2807 186 2858 tem
213 2802 274 2875 alii,
303 2818 374 2875 quos
402 2801 430 2858 in
458 2805 534 2859 luctu
563 2819 626 2859 cum
654 2801 714 2874 ipsa
741 2801 890 2858 solitudine
912 2801 990 2876 loqui
1012 2819 1098 2877 saepe
1119 2805 1170 2861 de·

130 2907 221 2979 lectat,
244 2907 341 2963 utilia
364 2909 437 2980 apud
458 2910 581 2966 Ennium
603 2908 712 2964 nutrix:
751 2973 757 2983 ¹

216 3012 323 3084 Cupido
346 3017 416 3085 cepit
436 3017 565 3070 misnam
585 3031 657 3069 nnnc
679 3031 720 3068 ane
736 3014 875 3087 proloqui

216 3119 296 3174 Coelo
321 3123 403 3191 utque
426 3124 515 3176 terroe
535 3119 644 3178 Medeai
665 3123 802 3177 misniae.

129 3223 312 3284 xxvrtdt.
334 3225 412 3281 llaec
434 3226 526 3283 omnia
548 3233 632 3298 recta,
654 3244 731 3301 nera,
754 3226 845 3283 debita
867 3232 991 3298 putantes
1015 3227 1121 3286 faciunt
1141 3230 1171 3287 in

130 3335 243 3409 dolore,
272 3331 445 3406 maximeque
474 3333 629 3389 declaratur
655 3333 709 3388 hoc
738 3334 817 3407 quasi
852 3333 928 3390 ollici
960 3335 1064 3392 iudicio
1098 3338 1170 3410 lieri,

130 3442 216 3514 quod,
240 3441 333 3516 siqui
356 3440 438 3514 torte,
461 3458 548 3514 quum
571 3457 601 3497 se
623 3441 651 3496 in
674 3441 748 3496 luctu
771 3457 832 3497 esse
853 3441 975 3509 uellent,
999 3438 1105 3512 aliquid
1127 3440 1170 3496 fe·

130 3555 226 3606 cerunt
246 3549 404 3624 humanius,
428 3555 475 3606 aut
496 3548 519 3604 si
541 3546 656 3604 hilarius
678 3546 763 3613 locuti
786 3551 858 3622 sunt,
876 3552 1008 3603 reuocant
1024 3562 1057 3603 se
1074 3561 1171 3603 rursus

198 3848 241 3897 62.
258 3849 403 3916 Accianus)
419 3850 539 3900 Attianus
558 3847 590 3901 0.
625 3848 668 3898 63.
687 3847 805 3914 copiose)
823 3849 973 3911 excopiose
991 3848 1045 3899 ΒΡ.
1081 3847 1171 3913 Alcis)

129 3931 219 3982 olienis
237 3933 290 3987 BP.
326 3933 425 4002 edens)
442 3934 549 3989 euidens
565 3933 621 3987 ΒΡ.
661 3931 767 4001 uitam)
784 3935 852 3987 ntus
869 3932 924 3982 BP·
956 3946 1023 3994 quos
1041 3936 1066 3985 in
1086 3932 1172 3998 luctu)

130 4029 180 4079 quo
199 4015 224 4066 in
243 4017 312 4067 tuctu
330 4018 426 4085 ltu·
862 4014 902 4077 nl)
916 4015 1018 4075 Bedese
1034 4019 1091 4072 ΒΡ.
1126 4020 1171 4071 dt.

132 4102 282 4165 declaratur)
300 4103 370 4154 decl·
