2610 4634
438 286 516 336 era.
538 277 575 334 11.
619 289 702 336 ω.
724 273 860 336 as-ae
998 234 1034 351 J
1122 276 1163 340 aa

128 474 325 551 profundenda
345 493 416 534 uoce
437 493 520 533 omne
541 493 642 551 eorpus
663 477 830 554 intenditur,
858 477 989 552 uenitque
1009 480 1091 553 plaga
1113 499 1163 539 ue⁴

128 584 296 642 hementior.
339 583 445 641 xxiv.
478 581 575 653 Quint
607 585 655 657 qui
678 587 776 641 uolunt
797 587 948 642 exclamare
969 587 1075 660 maius,
1098 606 1165 644 num

130 690 199 749 satis
224 692 326 747 babent
347 691 446 765 latera,
476 691 585 764 fauces,
615 691 738 761 linguam
760 691 919 765 intendere,
941 709 957 748 e
979 693 1079 767 quibus
1102 695 1165 751 elici

129 814 232 854 nocem
253 803 281 853 et
302 797 380 853 tundi
392 794 543 854 uidemus?
566 798 637 853 Toto
660 805 869 870 corporeatque
891 799 1019 856 omnibus
1042 801 1164 876 ungulis,

128 910 163 961 ut
183 903 301 976 dicitur,
330 902 497 960 contentioni
521 903 597 960 uocis
622 903 787 962 asseruiunt
834 903 884 962 57.
907 905 986 963 Genu
1007 907 1165 964 mehercule

129 1012 171 1069 Μ.
194 1009 345 1067 Antonium
367 1009 441 1082 uidi,
465 1026 551 1083 quum
578 1016 705 1066 comente
727 1027 778 1082 pro
801 1026 838 1067 se
853 1010 914 1083 ipse
935 1014 997 1084 lege
1019 1013 1101 1071 [laria
1122 1014 1165 1070 di·
1274 1066 1277 1072 .

91 1161 97 1167 .
130 1123 221 1191 cenet,
250 1121 352 1173 terram
374 1122 496 1188 tangere.
540 1117 575 1173 Ut
597 1115 670 1172 enim
703 1117 818 1173 balistae
852 1118 974 1190 lapidum
1004 1126 1031 1175 et
1058 1119 1185 1194 reliqua,

129 1229 267 1280 tormenta
293 1223 411 1280 telorum
439 1240 473 1280 eo
500 1221 644 1294 grauiores
672 1223 835 1280 emissiones
867 1225 984 1297 habent,
1019 1243 1075 1298 quo
1103 1232 1167 1283 sunt

130 1335 260 1386 contenta
281 1335 363 1402 atque
385 1330 501 1385 adducta
527 1328 735 1401 uehementius,
757 1330 798 1385 sie
818 1347 890 1402 uox,
919 1329 959 1387 sic
981 1349 1096 1405 cursus,
1125 1334 1166 1390 sic
1228 1326 1239 1349 “

131 1437 215 1510 plaga
236 1438 290 1493 hoo
311 1435 438 1508 grauior,
456 1453 512 1509 quo
534 1441 577 1491 est
593 1435 677 1490 missa
699 1435 861 1492 contentius.
906 1436 991 1493 Cuius
1014 1440 1167 1496 contentio·

131 1542 176 1600 nis
198 1559 285 1615 quum
306 1547 378 1599 tanta
400 1542 443 1598 uis
467 1542 511 1615 sit,
533 1540 557 1598 si
580 1541 697 1613 gemitus
719 1541 747 1596 in
769 1542 868 1598 dolore
890 1544 925 1599 ad
947 1544 1167 1601 confirmandum

88 1699 92 1706 .
130 1648 255 1706 animum
276 1649 390 1722 ualebit,
413 1656 537 1722 utemur3
561 1649 602 1704 sin
625 1647 682 1704 erit'
698 1649 745 1704 ille
768 1649 886 1720 gemitus
909 1651 1121 1724 elameutabilis,
1144 1652 1167 1708 si

130 1755 306 1828 imbecillus,
329 1754 351 1811 si
374 1755 513 1829 abiectus,
536 1755 560 1811 si
582 1755 698 1827 flebilis,
722 1755 747 1811 ei
770 1756 818 1828 qui
841 1773 871 1813 se
892 1757 1012 1831 dederit,
1035 1757 1082 1814 uix
1104 1776 1168 1816 eum

129 1864 225 1919 uirum
246 1860 372 1917 dixerim.
416 1861 470 1929 Qui
492 1863 605 1934 quidem
628 1862 745 1932 gemitus
774 1862 796 1918 si
814 1844 970 1920 'leuationis
997 1864 1103 1938 aliquid
1125 1865 1168 1923 af-

131 1969 227 2044 ferret,
250 1975 341 2025 tamen
363 1969 532 2042 uideremus,
556 1969 624 2042 quid
645 1976 720 2025 esset
736 1969 816 2025 fertis
829 1976 856 2026 et
872 1970 989 2028 animosi
1002 1972 1070 2045 uiri3
1083 1989 1169 2044 quum

131 2094 201 2133 uero
224 2074 293 2131 nihil
315 2074 459 2131 imminuat
481 2074 596 2148 doloris,
620 2093 668 2132 cnr
690 2073 791 2133 frustra
813 2084 907 2149 turpes
931 2094 992 2134 esse
1014 2075 1168 2134 uolumus?

131 2183 208 2252 Quid
230 2188 272 2238 est
293 2181 367 2238 enim
389 2182 453 2237 fletu
474 2181 604 2238 muliebri
625 2182 688 2239 uiro
707 2179 836 2255 turpius?
860 2180 908 2242 58.
920 2185 1011 2256 Atque
1023 2185 1077 2240 hoe
1088 2200 1169 2256 prae-

132 2296 260 2362 ceptum,
288 2288 364 2361 qued
387 2289 421 2344 de
443 2289 540 2345 dolore
562 2290 657 2363 datur,
690 2295 764 2362 patet
790 2290 880 2346 latius.
935 2289 1072 2348 Omnibus
1095 2290 1170 2346 enim

132 2397 233 2470 rebus,
256 2412 312 2452 non
334 2397 425 2451 selum
448 2396 555 2468 dolori,
579 2396 663 2452 simili
685 2397 858 2453 contentione
880 2396 963 2453 animi
985 2393 1176 2454 resistendum'

133 2509 185 2561 est
229 2503 273 2559 lra
295 2503 464 2576 exardescit,
486 2503 574 2560 libido
596 2505 766 2560 concitatur:
799 2503 828 2559 in
850 2503 966 2560 eandem
987 2521 1078 2561 arcem
1102 2521 1169 2560 con·

133 2609 297 2680 fugiendum
318 2614 375 2683 est,
405 2611 502 2667 eadem
524 2616 587 2667 sunt
609 2627 684 2666 arma
706 2610 850 2666 sumenda.
905 2610 961 2666 Sed
982 2609 1112 2683 quoniam
1134 2609 1172 2671 de

133 2716 232 2773 dolore
253 2714 403 2788 loquimur,
425 2716 473 2771 illa
496 2717 661 2776 omittamus.
705 2716 748 2772 nd
771 2716 917 2772 terendum
938 2715 1023 2788 igitur
1044 2716 1171 2771 dolorem

133 2822 242 2895 placide
264 2829 345 2895 atque
368 2824 460 2880 sedate
482 2825 633 2896 plurimum
655 2823 764 2896 prolicit
785 2829 842 2879 toto
864 2827 986 2896 pectore,
1009 2829 1039 2878 ut
1059 2821 1169 2896 dieitur,

134 2929 274 3001 cogitare,
297 2946 379 3002 qnam
402 2930 430 2985 id
453 2931 600 2987 honestum
623 2931 664 2987 sit.
710 2932 812 2987 Sumus
835 2928 908 2985 enim
930 2935 1035 3001 natura,
1058 2936 1088 2987 ut
1109 2935 1171 2985 ante

133 3036 191 3092 dixi
214 3036 373 3102 (dicendum
396 3043 438 3093 est
459 3038 532 3093 enim
556 3029 696 3112 saepius),
720 3035 915 3093 studiosissimi
938 3035 1170 3109 appetentissimi-

121 3134 188 3216 'que
210 3143 380 3215 honestatis,
402 3143 480 3200 cuius
503 3144 526 3200 si
549 3143 628 3216 quasi
651 3145 745 3199 lumen
767 3142 881 3215 aliquod
903 3144 1077 3215 aspeximus,
1102 3141 1170 3197 nihil

133 3256 192 3323 est,
216 3250 308 3324 quod,
331 3257 361 3306 ut
383 3268 416 3307 eo
439 3251 592 3323 potiamur,
615 3268 671 3306 non
694 3250 780 3321 parati
803 3248 889 3305 simus
912 3256 939 3305 et
961 3249 1033 3305 terre
1058 3255 1084 3305 et
1106 3266 1170 3320 per-

133 3344 204 3428 peti(
233 3357 276 3411 Ex
299 3357 352 3413 hoc
374 3373 457 3413 cursu
479 3363 560 3428 atque
582 3356 686 3428 impetu
709 3357 864 3413 animorum
887 3357 921 3411 ad
945 3373 1039 3412 ueram
1061 3356 1170 3410 laudem

134 3469 215 3537 atque
237 3463 407 3519 honestatem
429 3462 477 3519 illa
499 3463 622 3534 pericula
639 3464 774 3520 adeuntur
791 3463 818 3518 in
830 3462 961 3535 procliis;
983 3442 1173 3518 eonsentiunt

204 3768 284 3837 eliel)
312 3772 369 3822 ellel
398 3769 429 3822 Ο.
472 3770 515 3821 57.
548 3772 668 3833 balistae)
694 3773 810 3823 ballistae
844 3771 876 3822 R.
929 3785 979 3833 quo
1006 3777 1046 3822 est
1071 3768 1173 3835 missa)

135 3868 193 3906 eum
212 3861 252 3905 est
269 3856 348 3906 missa
362 3857 415 3906 ΒΡ.
453 3855 654 3919 clamentabitis)
665 3858 885 3908 elomentabilisP.
922 3855 1095 3918 Quiqutdem)
1107 3868 1172 3918 qnae

135 3953 159 4001 q.
169 3940 211 4004 R,
230 3941 275 3990 sed
293 3954 359 3990 corr.
370 3943 397 3990 tn
407 3941 450 4002 qul
461 3954 485 4002 q.
497 3953 560 4002 quae
571 3955 594 4002 q.
603 3941 635 3990 P.
671 3942 780 4000 atlerret)
800 3940 921 3993 aderrerit
934 3940 988 3990 RP.
1024 3938 1172 4001 imminuat)

134 4026 301 4075 imminuatur
318 4026 347 4079 l‘.
382 4032 470 4088 turpes
487 4022 559 4088 esse)
576 4031 650 4087 turpe
671 4026 790 4076 esseRP.
816 4025 859 4076 58.
876 4024 1040 4089 omittamus)
1057 4024 1171 4074 omittam

134 4110 166 4160 tt.
201 4110 363 4172 aspeximus)
381 4109 572 4172 adspexerimus
591 4108 622 4158 0.
