2610 4634
436 295 513 340 trs.
536 283 586 338 lv.
630 295 712 339 cnr».
734 279 870 340 27-28.
1110 278 1172 340 139

130 483 234 567 mirum
256 484 311 540 lroc
333 483 442 555 melius,
465 501 511 556 ne,
534 485 557 541 si
579 484 651 540 sorte
673 485 708 539 de
730 490 889 556 paupertate
910 501 967 540 non
989 483 1172 555 persuaseris,

131 593 167 649 sit
188 591 355 662 aegritudini
377 583 601 664 concedendum3
620 592 792 663 aegritudine
813 598 904 647 autem
926 592 1033 648 sublata
1051 592 1172 663 propriis

130 698 305 769 rationibus,
334 698 437 771 quibus
459 698 519 754 lieri
542 698 587 755 usi
608 716 721 772 sumus,
750 699 870 771 quodam
892 699 976 754 modo
999 699 1081 755 etiam
1102 714 1173 770 pau·

130 805 246 880 peitatis
267 805 371 860 malum
393 805 507 863 tollitur.

117 921 125 936 ¹
217 912 353 968 xxviii.
382 909 433 971 60.
461 913 517 969 Sed
539 912 630 968 omnis
652 911 790 968 eiusmodi
812 911 983 984 perturbatio
1006 911 1088 970 animi
1112 914 1172 984 pla-

132 1020 240 1077 catione
262 1020 389 1075 abluatur
416 1019 465 1076 illa
493 1019 622 1092 quidem,
656 1037 742 1092 quum
769 1020 870 1075 doceas
898 1037 950 1075 nec
977 1020 1081 1075 bonum
1103 1019 1172 1075 illud

133 1143 215 1200 esse,
246 1143 280 1182 ex
302 1142 359 1198 quo
382 1126 482 1183 laetitia
504 1132 550 1182 aut
572 1126 660 1182 libido
682 1128 804 1199 oriatur,
832 1144 883 1182 uec
904 1128 1026 1198 malum,
1059 1142 1093 1181 ex
1115 1143 1172 1197 quo

132 1240 182 1292 aut
197 1240 287 1290 metus
305 1233 523 1306 autaegritud03
546 1250 645 1290 uerum
661 1240 750 1289 tamen
764 1233 833 1298 haec
851 1240 893 1290 est
914 1241 987 1289 certa
1009 1238 1036 1288 et
1057 1232 1173 1304 propria

133 1338 252 1412 unatiu,
275 1339 298 1397 si
321 1340 421 1397 doceas
443 1340 518 1412 ipsas
542 1339 763 1411 perturbationes
786 1356 888 1410 perse
910 1356 972 1396 esse
990 1338 1104 1395 uitiosas
1121 1356 1173 1395 nec

132 1448 238 1505 babere
261 1446 409 1519 quicquam
432 1454 478 1504 aut
498 1447 622 1503 naturale
649 1451 696 1502 aut
716 1445 919 1518 necessarium
953 1452 983 1501 ut
1007 1447 1097 1517 ipsam
1124 1462 1172 1501 ae·
1249 1438 1266 1463 ‘

134 1554 304 1626 gritudiuem
333 1554 415 1610 leniri
437 1553 581 1623 uidemus,
608 1569 694 1624 quum
717 1551 853 1608 obicimus
876 1551 1061 1608 maerentibus
1082 1552 1172 1608 imbo-

134 1660 278 1719 cillitatem
289 1661 374 1718 animi
396 1660 554 1731 effeminati,
578 1676 719 1732 quumque
741 1677 837 1716 eorum
860 1661 1022 1731 grauitatem
1043 1665 1172 1715 coustan-

133 1770 258 1841 tiamque
283 1768 436 1841 laudamus,
460 1768 507 1840 qui
529 1784 585 1824 non
607 1766 765 1823 turbulente
782 1765 1056 1838 bumanapatiantur.
1090 1764 1173 1834 Quod

90 1947 91 1952 ἵ
135 1876 251 1949 quidem
273 1876 345 1931 solet
371 1875 411 1931 eis
434 1875 515 1931 etiam
543 1874 683 1946 accidere,
718 1874 765 1947 qui
793 1873 842 1930 illa
870 1875 941 1930 mala
963 1890 1025 1930 csse
1047 1879 1171 1942 censent,

135 1983 250 2041 lereuda
278 1987 370 2038 tamen
398 1998 488 2055 aequo
521 1981 612 2038 animo
644 1981 821 2037 arbitrantur.
852 1982 955 2038 .Puta't
982 1980 1084 2053 aliquis
1110 1996 1173 2036 esse

135 2093 308 2162 uoluptatem
334 2089 455 2163 bonum,
484 2089 554 2146 alius
582 2095 673 2161 autem
701 2087 861 2161 pecuniam,
894 2094 985 2145 tamen
1012 2093 1040 2143 et
1067 2088 1115 2144 ille
1137 2086 1173 2143 ab

135 2196 346 2268 intemperantia
372 2195 467 2252 ethic
494 2197 529 2253 ab
562 2195 676 2252 auaritia
705 2196 815 2251 auocari
847 2200 948 2266 potest.
1002 2194 1053 2249 llla
1081 2199 1173 2249 autem

134 2304 222 2362 altera
244 2303 312 2359 ratio
335 2303 481 2376 eiuratio,
504 2320 575 2377 quae
597 2303 679 2359 simul
702 2309 729 2358 et
750 2302 909 2374 opinionem
931 2300 1028 2357 salsam
1053 2299 1126 2355 tollit
1146 2304 1174 2354 et

136 2411 339 2483 aegritudinem
360 2411 495 2482 detrabit,
523 2417 566 2466 cst
586 2428 618 2466 en
641 2409 754 2483 quidem
775 2408 885 2481 utilior,
908 2410 957 2464 sed
980 2424 1042 2464 raro
1064 2405 1174 2480 proficit

137 2535 229 2592 neque
257 2522 299 2574 est
327 2518 362 2574 ad
388 2519 492 2589 uulgus
520 2518 684 2574 adhibenda.
738 2514 789 2575 61.
821 2516 963 2584 Quaedam
990 2521 1081 2572 autem
1108 2518 1173 2570 sunt

138 2623 342 2704 aegritudines,
372 2641 441 2696 quas
463 2625 557 2680 leuare
579 2625 626 2681 illa
647 2623 784 2679 medicina
805 2623 883 2678 nullo
905 2622 989 2678 modo
1012 2620 1115 2693 possit3
1144 2626 1174 2675 ut

136 2733 160 2789 si
184 2731 247 2805 quis
269 2747 352 2801 aegre
373 2730 443 2787 ferat
464 2731 533 2787 nibil
554 2731 582 2788 in
606 2747 635 2787 se
658 2747 719 2787 esse
741 2728 867 2802 uirtutis,
896 2728 966 2785 nibil
986 2727 1081 2801 animi,
1103 2726 1173 2782 nihil

137 2838 231 2911 uilici,
258 2837 328 2893 nibil
350 2839 517 2912 honestatis,
546 2844 660 2910 propter
681 2837 753 2894 mala
780 2837 804 2893 is
826 2837 940 2910 quidem
962 2840 1094 2908 angatur,
1124 2833 1175 2890 scd

137 2946 190 3003 alia
214 2946 349 3017 quaedam
377 2945 412 3001 sit
439 2946 473 3002 ad
503 2963 567 3002 euru
589 2945 762 3003 admouenda
790 2943 894 3000 curatio
917 2949 945 3000 et
965 2941 1028 2999 talis
1049 2940 1176 3015 quidem,

138 3068 210 3126 qnae
232 3051 322 3125 possit
343 3068 405 3108 esse
426 3053 551 3110 omnium
573 3055 654 3109 etiam
676 3053 711 3108 de
733 3053 832 3108 ceteris
854 3053 938 3109 rebus
960 3047 1175 3122 discrepantium

137 3159 380 3232 pbilosophorum.
427 3161 503 3216 luter
532 3177 629 3217 omues
652 3160 727 3217 enim
749 3158 898 3215 conuenire
920 3163 1029 3231 oportet
1050 3171 1176 3212 commo·

137 3267 228 3323 tiones
245 3265 401 3323 animorum
423 3283 439 3322 a
461 3272 533 3322 recta
551 3268 657 3323 ratione
679 3282 790 3322 auersas
812 3283 875 3322 esse
896 3264 1020 3335 uitiosas,
1043 3269 1082 3334 ut,
1094 3260 1177 3318 etiam

137 3373 161 3429 si
184 3379 213 3430 et
233 3374 305 3429 mala
327 3372 382 3429 sint
402 3373 459 3446 illa,
482 3389 554 3445 quae
575 3377 678 3428 metum
700 3372 947 3444 aegritudinemue,
966 3376 994 3425 et
1009 3365 1092 3440 bona',
1104 3382 1178 3439 quae

138 3480 315 3553 cupiditatem
343 3479 508 3537 laetitiamue
535 3485 681 3554 moueant,
714 3486 805 3535 tamen
833 3479 869 3535 sit
894 3477 994 3533 uitiosa
1015 3476 1076 3547 ipsa
1097 3489 1175 3530 com·

455 3574 466 3600 ,
664 3566 668 3574 ,

150 3661 446 3670 -.—-———---—-—-

206 3808 249 3852 ne‚
267 3793 311 3860 si)
329 3796 378 3846 nisi
396 3797 425 3845 P.
460 3797 509 3850 605
522 3810 568 3848 nec
586 3797 697 3862 bonum)
716 3803 741 3848 et
763 3796 786 3846 b.
803 3796 857 3847 ΒΡ.
892 3799 921 3844 ut
939 3791 1038 3856 ipsam)
1056 3796 1100 3841 aut
1120 3792 1179 3853 ipsa

137 3881 168 3929 R.
188 3887 216 3929 ut
234 3881 287 3942 ipsa
306 3881 336 3930 P.
376 3881 519 3944 obicimus)
542 3883 658 3931 obicibus
681 3882 734 3931 RP.
781 3881 928 3942 grauitatem
948 3877 1178 3938 constantiamque)

137 3967 261 4028 grauitate
279 3967 468 4027 constantiaque
487 3967 540 4016 ΒΡ.
575 3955 745 4028 arbitrantur)
768 3967 902 4016 arbitratur
918 3964 972 4016 Re.
1007 3962 1099 4027 Putat)
1117 3968 1179 4025 puta

136 4050 190 4101 ΒΡ.
225 4050 337 4115 aliquis)
366 4053 443 4114 aliqui
461 4052 494 4104 lt.
530 4052 634 4110 talsam)
652 4053 716 4101 laisa
733 4051 786 4101 ΒΡ.
821 4057 847 4099 et
862 4049 1067 4113 aegritudinem)
1090 4056 1116 4099 et
1131 4060 1181 4098 ae·

136 4135 265 4197 gritudine-
283 4135 337 4191 ite.
377 4136 420 4186 61.
439 4142 465 4188 et
481 4138 547 4187 rnala
567 4164 597 4173 -
616 4143 642 4186 et
659 4135 739 4199 bona)
758 4149 805 4186 nec
822 4136 889 4187 maia
905 4159 941 4174 ·-
959 4148 1007 4187 nec
1024 4136 1088 4186 bona
1106 4133 1163 4184 ΒΡ,
