2610 4634
132 226 196 294 180
345 204 961 314 russunxmprsrurnrrorauns

130 431 214 493 meu
231 429 385 504 populeris
411 429 531 490 odensio
563 431 715 505 sapientem
746 429 859 488 beatum
890 448 957 490 esse
991 432 1168 506 prohibebit‘l

129 538 212 612 uiuo,
233 555 270 595 ne
290 538 357 622 plus
379 538 581 596 commendatio
602 538 631 595 in
651 538 754 609 uulgus
775 543 805 595 et
825 538 905 613 baec,
927 555 1003 612 quae
1024 540 1169 614 expelitur,

131 643 222 718 gloria
240 645 385 703 molestiae
407 645 507 703 haheat
526 660 611 718 quam
630 644 789 716 uoluptatis.
823 645 978 702 Leuieulus
994 662 1063 704 sane
1082 653 1170 704 noster

130 750 351 824 Demosthenes,
379 750 428 824 qui
450 750 501 808 illo
523 767 638 807 susurro
659 750 791 807 delectari
818 765 850 808 se
871 751 984 809 dicebat
1009 769 1111 826 aquam
1131 754 1169 810 le·

131 856 218 917 usulis
238 857 428 930 mulierculae,
450 863 481 914 ut
500 851 563 914 mos
584 855 614 913 in
635 855 749 914 Graecia
771 863 822 930 est,
852 856 1112 932 insusurrantisque
1132 861 1170 916 al·

131 961 199 1021 leri:
220 963 277 1020 llic
297 969 340 1020 est
359 963 408 1020 ille
429 963 641 1020 Demosthenes.
686 962 761 1032 Quid
783 963 837 1019 lroe
859 961 975 1021 leuius?
997 965 1034 1021 At
1056 972 1169 1039 quantus

131 1071 240 1127 oratori
275 1069 332 1126 Sed
352 1069 427 1141 apud
448 1067 519 1126 alios
541 1067 620 1141 loqui
642 1068 772 1126 uidelicet
793 1069 945 1142 didicerat,
976 1087 1035 1127 non
1057 1073 1168 1128 multum

131 1174 193 1249 ipse
213 1191 318 1231 seeum.
362 1171 433 1235 104.
454 1174 672 1246 Intelligendum
689 1181 735 1234 ⁴est
756 1175 841 1246 igitur
862 1193 915 1232 nee
937 1177 1059 1248 gloriam
1084 1195 1169 1250 popu·

131 1280 219 1339 larem
239 1282 330 1354 ipsam
350 1298 401 1355 per
422 1297 485 1339 sese
506 1281 689 1354 expetendam
708 1298 760 1338 nee
775 1281 978 1353 ignobilitatem
990 1284 1170 1341 extimescen-

131 1387 205 1446 dam.
248 1389 320 1447 Ueni
345 1389 483 1460 Athenas,
511 1387 601 1461 inquit
621 1387 815 1461 Democritus,
845 1405 943 1462 neque·
958 1406 1005 1446 nse
1027 1391 1171 1464 quisquam

131 1493 172 1553 ibi
194 1495 316 1568 agnouit.
368 1495 545 1554 Constantem
568 1493 709 1550 hominem
732 1501 761 1553 et
779 1510 907 1568 grauem,
930 1496 979 1569 qui
1002 1497 1137 1569 glorietur
1155 1514 1171 1553 a

133 1601 224 1675 gloria
244 1618 275 1658 se
295 1599 410 1658 aluisse.
442 1602 486 1657 An
507 1599 635 1656 tibicines
656 1601 743 1675 iique,
767 1602 814 1674 qui
836 1602 942 1659 lidibus
962 1609 1090 1676 utuntur,
1113 1620 1171 1674 suo,

132 1725 191 1766 non
211 1705 393 1765 multitudinis
421 1706 535 1764 arbitrio
564 1713 659 1764 cantus
687 1724 875 1780 numerosque
902 1710 1103 1782 moderantur,
1131 1709 1172 1767 uir

133 1814 353 1887 sapiens,multo
375 1817 435 1870 arte
456 1813 560 1869 maiore
582 1813 734 1885 praeditus,
757 1831 815 1871 nou
836 1815 904 1888 quid
925 1814 1107 1872 uerissimum
1128 1816 1171 1888 sit,

132 1920 182 1977 sed
203 1917 271 1990 quid
293 1919 362 1975 uelit
383 1918 502 1992 uulgus,
525 1915 674 1991 exquiret?
708 1921 752 1976 An
774 1920 923 1994 quicquam
945 1920 1056 1979 stultius
1079 1939 1171 1995 quam,

132 2041 204 2098 quos
226 2023 352 2095 singulos
374 2023 446 2080 sieut
467 2024 824 2112 operarios'barbarosque
835 2034 1025 2100 contemnas,
1048 2045 1100 2085 eos
1122 2028 1172 2084 ali-

133 2131 202 2206 quid
222 2136 318 2203 putare
340 2127 591 2204 esseguniuersos?
616 2132 669 2189 llle
691 2150 759 2191 uero
781 2140 897 2191 nostras
912 2135 1080 2192 ambitiones
1103 2135 1171 2192 leui-

18 2310 21 2313 ,
133 2243 259 2312 talesque
279 2243 436 2294 contemnet
463 2237 640 2311 honoresque
661 2239 759 2313 populi
780 2239 868 2312 'etiam
893 2242 968 2298 ultro
998 2241 1107 2298 delatos
1129 2257 1173 2297 re-

133 2345 275 2418 pudiabit3
308 2360 360 2401 uos
381 2350 472 2401 autern
494 2362 544 2401 eos
564 2345 714 2419 nescimus,
737 2353 884 2419 antequam
905 2346 1050 2419 poenitere
1072 2347 1173 2420 eoepit,

134 2457 320 2508 corrtemnorc.
369 2446 440 2509 105.
461 2451 513 2508 Est
533 2450 606 2523 apud
620 2452 801 2511 ,Heraclitum
822 2453 967 2526 physicum
989 2454 1026 2510 de
1048 2453 1173 2526 principe

133 2557 321 2629 Ephesiorum
343 2556 536 2631 Hermodoro;
569 2557 717 2615 uniuersos
751 2559 789 2616 ait
814 2558 954 2630 Ephesios
986 2576 1050 2616 esse
1085 2567 1173 2617 morte

133 2664 307 2737 multandos,
337 2663 429 2737 quud,
458 2681 545 2737 quum
567 2663 675 2721 ciuitate
697 2665 868 2737 expellerent
888 2666 1114 2739 Hermodorum,
1137 2667 1173 2723 ita

133 2769 219 2827 locuti
241 2769 310 2827 sint:
337 2768 426 2826 Nemo
455 2770 491 2826 de
518 2769 601 2827 nobis
627 2788 700 2828 unus
729 2773 861 2845 excellat3
891 2770 934 2829 sin
956 2771 1019 2845 quis
1043 2772 1171 2844 extiterit,

133 2875 189 2934 alio
210 2875 240 2932 in
261 2875 325 2932 loco
346 2879 374 2931 et
394 2875 468 2948 apud
496 2876 566 2934 alios
594 2875 639 2934 sit.
680 2878 725 2938 Au
753 2877 808 2934 hoe
835 2893 892 2934 uon
920 2877 958 2935 ila
985 2878 1017 2934 lit
1045 2879 1123 2935 omni
1144 2878 1173 2935 in

134 2978 266 3052 populo?
287 2983 387 3037 Nonne
409 2997 521 3038 omnem
541 2982 749 3053 exuperantiam
770 2982 881 3039 uirtutis
903 2981 1046 3041 oderunt?
1074 2979 1172 3053 Quid?

133 3085 269 3142 Aristides
291 3081 382 3160 (malo
404 3084 478 3141 enim
500 3084 670 3142 Graecorum
698 3104 782 3159 quam
801 3095 895 3146 nostra
916 3082 1059 3165 prolerre)
1081 3106 1173 3146 nonne

134 3192 171 3249 ob
203 3208 265 3248 eam
296 3207 407 3248 causam
438 3192 572 3266 expulsus
605 3198 647 3249 est
679 3193 784 3268 patria,
818 3196 894 3267 quod
921 3202 1031 3268 praeter
1060 3197 1173 3252 modum

133 3297 223 3356 iustus
245 3293 344 3356 esset?
366 3297 480 3366 Quantis
501 3298 587 3372 igitur
607 3299 744 3358 molestiis
765 3305 873 3374 uacant,
896 3301 945 3374 qui
967 3300 1037 3357 nihil
1060 3301 1172 3359 omnino

134 3420 198 3461 eum
218 3405 323 3478 populo
346 3404 528 3462 contrahuntl
558 3405 633 3475 Quid
661 3411 704 3462 est
725 3406 800 3462 enim
820 3406 929 3463 dulcius
951 3407 1008 3463 otio
1031 3405 1172 3465 litterato?

134 3509 170 3567 iis
197 3509 260 3567 dico
282 3510 396 3584 litteris,
425 3511 527 3584 quibus
555 3511 717 3570 intinitatem
738 3529 834 3570 rerum
855 3518 939 3586 atque
960 3519 1075 3570 naturae
1096 3521 1124 3570 et
1144 3512 1173 3571 in

133 3612 187 3670 hoc
208 3615 271 3687 ipso
292 3615 396 3672 mundo
418 3616 538 3690 coelum,
560 3621 657 3691 terras,
679 3616 766 3674 usaria
788 3617 992 3690 cognoscimus.

218 3720 366 3778 XXXVII.
384 3717 455 3780 106.
478 3721 643 3795 Contempto
664 3723 750 3794 igitur
770 3725 888 3799 honore,
911 3730 1069 3798 contempta
1090 3723 1173 3783 etiam

206 3967 263 4100 qia.
279 3970 388 4038 aquam)
404 3985 480 4035 nam
497 3973 551 4025 xe.
589 3973 813 4042 ructuosos
833 3976 939 4030 saeua
956 3977 989 4028 o.
1031 3976 1089 4028 roa
1106 3973 1173 4040 aas)

135 4057 194 4101 sunl
233 4085 239 4100 .
