2610 4634
183 256 224 322 12
407 254 638 351 rossoton.
673 274 1022 320 orsrurnrronum

268 465 399 522 llomolna
418 468 450 524 io
471 465 545 522 coelo
569 480 629 521 cam
650 467 694 522 dis
716 467 777 538 opit
799 480 912 537 mom,

180 575 212 628 ut
240 570 328 628 famae
357 572 513 630 adsentiens
542 571 613 628 dixit
636 571 759 645 Ennius,
787 577 815 627 et
842 571 916 642 apud
948 569 1070 639 Graecos
1097 569 1222 644 indeque
1262 571 1264 574 ’

179 679 325 751 perlapsus
347 680 383 735 ad
403 695 454 735 nos
476 684 504 735 et
523 696 612 751 usque
634 678 668 735 ad
681 677 822 735 Oceanum
843 677 981 733 Hercules
1002 683 1093 734 tantus
1116 683 1223 736 ettam

180 800 311 856 praesens
344 784 461 841 habetur
494 785 580 856 dens3
613 785 677 841 hinc
706 785 791 841 Liber
819 785 930 841 Semela
956 790 1036 840 natus
1064 786 1221 859 eademque

180 891 268 947 lamae
290 890 446 947 celebritate
469 891 645 964 Tyndaridae
673 891 788 964 iratres,
818 892 866 964 qui
893 907 950 947 non
972 890 1056 947 modo
1079 889 1228 966 adiutores

179 997 218 1054 in'
235 997 350 1069 procliis
379 997 509 1053 uictoriae
538 998 635 1069 populi
662 997 796 1072 Romani,
827 999 876 1054 scd
903 996 985 1053 etiam
1013 995 1102 1053 nuntii
1132 995 1221 1052 fuisso

179 1104 367 1177 perhibentur.
401 1101 571 1178 Quidllno,
585 1104 681 1161 Cadmi
703 1104 770 1177 filia,
792 1121 885 1161 nonne
902 1096 1056 1161 Λευκοθέα
1078 1101 1222 1159 nominata

179 1229 196 1269 a
218 1211 330 1268 Graecis
353 1212 456 1268 Matuta
477 1198 593 1267 habetur
614 1229 629 1267 a
651 1209 779 1268 nostris?
811 1208 909 1280 Quid?
931 1217 1019 1267 totum
1041 1227 1130 1282 prope
1152 1225 1218 1265 coe·

179 1319 247 1390 lum,
262 1336 296 1374 ne
313 1320 406 1389 plures
426 1334 588 1391 persequar,
606 1336 698 1374 nonne
716 1319 836 1375 humano
855 1335 957 1389 genere
973 1319 1143 1388 completum
1154 1313 1219 1372 est?

179 1424 258 1480 Xlll.
275 1419 332 1482 29.
353 1423 382 1480 Si
405 1442 472 1480 uero
495 1425 610 1481 scrutari
632 1431 726 1481 uetera
748 1431 775 1482 ct
796 1443 830 1481 ex
851 1425 885 1480 iis
908 1442 950 1498 ea,
974 1440 1045 1496 quae
1067 1423 1218 1495 scriptores

178 1531 309 1588 Graeciae
332 1531 522 1604 prodiderunt,
546 1548 643 1588 eruere
665 1549 768 1603 coner,
795 1531 849 1603 ipsi
871 1531 912 1587 illi
934 1531 1072 1587 maiorum
1093 1530 1218 1602 gentium

178 1637 207 1693 di
229 1638 276 1709 qui
299 1637 449 1711 habentur,
478 1637 542 1693 hinc
570 1656 586 1694 a
608 1638 689 1695 nobis
711 1638 827 1710 proiecti
849 1638 878 1694 in
900 1640 1011 1694 coelum
1032 1636 1216 1710 reperientur.

178 1744 297 1817 Quaere,
310 1732 430 1817 qnorum
446 1745 669 1801 demonstrentur
685 1747 812 1817 sepulcra
828 1745 857 1800 in
869 1744 1003 1815 Graecia;
1026 1742 1215 1813 reminiscere,

178 1850 308 1923 quoniam
331 1867 360 1908 es
383 1850 518 1925 initiatus,
548 1867 619 1923 quae
648 1852 788 1908 tradantur
808 1852 963 1925 mysteriis3
996 1857 1054 1907 tum
1083 1850 1214 1923 denique,
1260 1854 1263 1863 '

177 1974 260 2031 quam
281 1957 335 2013 boc
356 1959 410 2014 late
431 1963 536 2031 pateat,
566 1957 713 2032 intelliges,
759 1960 815 2016 Sed
843 1959 891 2031 qui
918 1959 1042 2015 nondum
1064 1974 1113 2030 ea,
1143 1973 1214 2030 quae

175 2064 269 2121 multis
292 2071 355 2137 post
373 2064 451 2121 annis
471 2064 579 2122 tractari
596 2071 693 2137 coepta
705 2073 777 2138 sunt,
796 2066 910 2139 physica
928 2065 1098 2139 didicissent,
1110 2071 1215 2121 mmm

176 2171 230 2229 sibi
252 2178 462 2246 persuaserant,
485 2178 617 2246 quantum
639 2179 734 2229 natura
755 2170 920 2229 admonente
941 2178 1146 2244 cognouerant,
1169 2189 1212 2228 ra-

175 2280 264 2336 tiones
293 2285 321 2336 et
348 2295 443 2336 causas
465 2296 558 2336 rerum
584 2298 641 2336 non
669 2281 814 2352 tenebant,
841 2279 909 2335 uisis
942 2279 1109 2351 quibusdam
1132 2295 1214 2351 saepe

175 2388 371 2460 mouebantur,
401 2385 492 2458 iisque
519 2387 637 2442 maxime
659 2386 816 2457 nocturnis,
845 2393 876 2442 ut
905 2386 1066 2442 uiderentur
1093 2386 1136 2460 ei,
1166 2385 1213 2458 qui

175 2494 231 2550 uita
253 2499 436 2566 excesserant,
459 2493 564 2550 uiuere.
595 2491 647 2551 30.
670 2495 706 2551 Ut
727 2510 810 2566 porro
834 2492 1024 2548 firmissimum
1046 2493 1100 2549 hoc
1121 2492 1213 2549 afferri

174 2601 299 2674 uidetur,
328 2618 378 2658 cur
403 2601 472 2657 deos
502 2618 564 2657 esse
592 2601 751 2673 credamus,
781 2600 856 2673 quod
878 2602 954 2655 nulla
976 2615 1044 2670 gens
1066 2606 1121 2655 tam
1144 2599 1212 2671 iera,

174 2724 256 2765 nemo
279 2707 402 2765 omnium
424 2714 480 2765 tam
502 2716 544 2765 est
570 2708 714 2780 immanis,
744 2707 822 2762 cuius
849 2712 969 2762 merrtem
998 2723 1055 2762 non
1083 2706 1214 2762 imbuerit

173 2816 291 2872 deorum
314 2814 408 2885 opinio
430 2810 524 2891 (multi
552 2816 586 2871 de
614 2815 657 2870 dis
684 2830 770 2885 praua
799 2813 935 2887 sentiunt,
964 2812 992 2869 id
1014 2812 1088 2868 enim
1109 2813 1212 2869 uitioso

173 2938 253 2978 more
275 2922 348 2977 effici
376 2924 463 2994 solet;
497 2936 593 2977 omnes
615 2927 707 2977 tamen
729 2936 791 2977 esse
812 2920 871 2976 uim
894 2927 920 2976 et
941 2926 1066 2976 naturam
1088 2919 1212 2976 diuinam

174 3028 355 3100 arbitrantur,
388 3046 439 3085 neo
470 3046 539 3085 uero
571 3027 601 3083 id
627 3027 775 3084 collocutio
803 3027 948 3084 bominum
979 3034 1026 3083 aut
1058 3040 1212 3084 consensus

174 3134 280 3208 effecit,
304 3152 360 3191 non
382 3134 511 3192 institutis
533 3134 629 3208 opinio
652 3141 694 3192 est
714 3136 883 3206 confirmata,
906 3152 963 3191 non
986 3134 1112 3205 legibus,
1136 3132 1212 3189 omni

128 3292 133 3301 .
174 3247 266 3298 antem
286 3241 315 3297 in
337 3260 368 3298 re
389 3243 536 3298 consensio
554 3242 678 3299 omnium
696 3241 819 3313 geritium
836 3243 881 3298 lex
898 3247 1010 3298 naturae
1021 3241 1141 3312 putanda
1153 3243 1211 3310 est}

172 3378 216 3392 -·
229 3350 291 3422 quis
314 3356 356 3405 est
377 3349 470 3422 igitur,
483 3349 531 3422 qui
554 3323 668 3405 suorum
689 3355 806 3405 mortem
828 3348 949 3420 primum
971 3365 1026 3430 nop
1044 3363 1086 3419 ep
1107 3349 1217 3420 lugeat,

171 3457 251 3530 quod
273 3472 321 3513 eos
344 3458 455 3514 orbatos
478 3455 550 3512 uitae
573 3456 725 3512 commodis
753 3453 922 3512 arbitretur?
951 3456 1034 3512 Tolle
1056 3454 1126 3509 banc
1148 3454 1212 3526 opi-

172 3563 296 3637 nionem,
320 3565 424 3621 luctum
445 3562 600 3620 sustuleris.
632 3563 723 3619 Nemo
742 3562 815 3618 enim
832 3571 936 3620 maeret
953 3579 1004 3619 suo
1016 3562 1212 3634 incommod03

241 3781 283 3829 29.
303 3782 397 3845 exiis)
417 3795 446 3832 ex
463 3783 504 3832 his
525 3782 582 3833 ΒΟ.
616 3797 631 3833 a
652 3781 742 3846 nobis)
763 3781 837 3831 nobis
855 3781 887 3833 ll.
923 3781 1142 3838 demonstrentur)
1161 3781 1211 3830 de-

173 3870 346 3917 monstrantur
358 3864 414 3915 ΒΟ.
449 3865 592 3930 tradamur)
607 3869 738 3918 traduntur
757 3866 787 3916 0.
814 3866 924 3928 tractari)
942 3870 1047 3915 nauare
1056 3865 1086 3914 ll.
1123 3870 1212 3927 coepta

173 3947 247 4014 sant)
264 3950 408 4011 coepissent
424 3950 480 4001 lto.
515 3951 700 4016 cognouerant]
717 3955 892 4014 cognouerunt
908 3950 939 3999 n.
974 3949 1007 4013 ei,
1025 3950 1087 4012 qui)
1113 3949 1146 4012 il,
1165 3950 1210 4011 nul

172 4033 208 4086 0.
244 4033 288 4085 30.
305 4039 344 4083 cst
361 4034 495 4099 immanis)
511 4037 540 4087 fit
555 4037 678 4089 immunis
693 4037 726 4087 R.
741 4036 779 4098 sit
792 4034 915 4085 immanis
928 4032 961 4087 0·
995 4034 1026 4086 ld
1040 4032 1124 4099 euim)
1140 4035 1211 4088 dds!

176 4119 208 4170 n.
242 4118 338 4175 effecit)
354 4118 436 4171 euleu
452 4118 491 4187 11.Ι
534 4166 538 4175 ,
569 4152 607 4179 1,..
643 4128 648 4131 ·
