2610 4634
180 256 201 320 (ι
396 268 999 317 ruscuunn.n1srurnrronun

183 464 245 520 luce
272 467 390 518 careant.
440 462 480 519 M.
514 457 680 517 Beuolueris
708 460 823 535 eodem3
856 458 911 516 sint
937 458 1012 516 enim
1040 463 1165 533 oportet,
1198 458 1222 515 si

182 569 277 626 miseri
307 574 387 640 sunt3
418 574 446 623 tu
475 574 565 622 autem
593 567 677 622 modo
707 567 828 636 negabas
857 582 906 621 eos
935 581 1013 638 esse,
1042 565 1091 637 qui
1120 567 1221 621 πωπω·
1285 558 1287 563 ”

184 682 285 732 essent.
331 675 362 731 Si
389 673 473 745 igitur
500 690 556 728 non
579 679 659 744 sunt,
682 672 750 728 nihil
773 677 890 744 possunt
911 688 990 745 esse;
1011 672 1048 727 ita
1070 688 1105 728 ne
1128 671 1222 728 miseri

183 783 296 856 quidem
318 787 390 837 sunt.
433 780 468 837 A.
489 780 553 835 Non
575 778 638 835 dico
659 780 776 835 tortasse
799 777 898 851 etiam,
922 779 997 850 quod
1020 779 1125 853 senti03
1159 797 1222 836 uam

184 889 255 945 istuc
275 887 368 958 ipsum
389 902 445 942 non
469 903 540 959 esse,
564 902 650 959 quum
672 885 768 958 fueris,
792 884 978 940 miserrimum
1000 890 1075 956 puto.
1111 883 1161 944 13.
1182 888 1222 946 M.

184 992 281 1064 Quint
313 993 440 1071 miserius
468 1010 550 1066 quam
573 991 686 1048 omnino
708 1007 847 1062 nunquam
869 987 979 1047 luisse?
1007 992 1057 1063 lta,
1080 992 1129 1065 qni
1151 1011 1221 1049 non·

184 1103 251 1157 dum
276 1101 331 1156 nati
353 1105 425 1172 sunt,
448 1100 543 1157 miseri
565 1100 620 1156 iam
643 1104 716 1169 sunt,
734 1096 798 1169 quia
821 1090 970 1176 nou-{surm
989 1103 1016 1153 et
1039 1115 1090 1156 nos
1113 1099 1223 1172 sipost

185 1213 302 1263 mortem
334 1206 429 1261 miseri
460 1206 546 1262 suturi
578 1221 689 1277 sumus,
722 1203 816 1260 miseri
845 1205 948 1261 suimus
981 1210 1129 1278 antequam
1157 1208 1221 1264 uati.

185 1315 247 1384 Ego
269 1320 360 1369 antem
382 1330 438 1368 non
460 1311 648 1385 commemini,
671 1300 817 1384 antequam
835 1329 897 1368 sum
913 1319 1002 1384 natus,
1015 1312 1221 1388 memiserum3

185 1430 214 1479 tu
237 1420 260 1477 si
282 1420 397 1476 meliore
419 1420 552 1475 memoria
574 1404 615 1491 es,
639 1417 723 1474 uelim
742 1419 823 1493 scire,
841 1421 941 1493 ecquid
958 1420 993 1474 de
1015 1425 1041 1475 te
1064 1421 1221 1478 recordere.

187 1528 249 1583 Vll.
272 1528 306 1582 A.
318 1528 358 1582 lta
375 1527 485 1598 iocaris,
505 1526 583 1598 quasi
605 1541 658 1596 ego
682 1525 772 1581 dicam
794 1539 842 1579 eos
864 1521 993 1597 miseros,
1016 1525 1065 1597 qui
1087 1527 1143 1583 nati
1165 1546 1222 1585 non

186 1635 250 1706 sint,
274 1640 301 1690 et
322 1650 377 1689 non
400 1650 448 1689 eos
471 1633 598 1705 miseros,
621 1631 668 1705 qui
690 1631 791 1687 mortui
813 1635 884 1686 sune
928 1631 967 1688 M.
989 1632 1061 1688 Esse
1082 1650 1152 1705 ergo
1174 1652 1224 1693 eos

186 1741 264 1797 dieis.
297 1740 331 1795 A.
343 1741 442 1812 Immo,
460 1738 524 1811 quia
545 1756 601 1795 non
624 1738 689 1810 sint,
712 1753 798 1811 quum
819 1735 931 1809 fuerint,
953 1755 987 1793 eo
1008 1738 1127 1796 miseros
1150 1759 1222 1798 esse.

186 1849 226 1905 Μ.
255 1845 408 1917 Pugnantia
436 1851 463 1900 te
492 1845 570 1918 loqui
598 1862 653 1901 non
681 1841 785 1900 uides?
818 1844 891 1913 Quid
918 1845 994 1901 enim
1027 1852 1081 1902 tam
1118 1856 1223 1919 pugnat

185 1969 269 2026 quam
290 1970 346 2009 non
368 1953 451 2008 modo
473 1952 616 2025 miserum,
636 1951 685 2008 sed
707 1949 820 2007 omnino
843 1949 990 2023 quicquam
1013 1969 1085 2026 esse,
1103 1954 1150 2026 qui
1167 1973 1222 2012 non

187 2056 245 2116 sit?
280 2060 320 2114 An
343 2066 372 2115 tu
394 2075 524 2130 egressus
545 2063 625 2131 porta
648 2058 759 2130 Capena
780 2073 866 2130 quum
888 2058 1020 2132 Calatini,
1050 2059 1222 2135 Scipionum,

188 2166 390 2238 Seruiliorum,
417 2167 597 2223 Metellorum
626 2167 753 2237 sepulcra
774 2163 871 2235 uides,
893 2165 1011 2223 miseros
1032 2175 1112 2238 putas
1134 2165 1223 2225 illos?

186 2274 220 2329 A.
245 2272 381 2341 Quoniam
404 2290 448 2328 me
470 2274 558 2329 uerbo
580 2272 698 2347 premis,
726 2271 841 2343 posthac
861 2289 918 2328 non
939 2273 975 2328 ita
997 2273 1088 2330 dicam
1108 2279 1224 2331 miseros

187 2399 254 2452 esse,
277 2380 325 2435 sed
347 2386 451 2436 tanturn
472 2382 586 2435 mesmes
609 2379 645 2435 ob
667 2378 696 2433 id
717 2377 825 2449 ipsum,
849 2378 913 2450 quia
935 2396 991 2435 non
1013 2379 1076 2436 sint.
1108 2383 1224 2440 M.Nou

189 2487 257 2543 dicis
280 2486 380 2558 igiturt
401 2489 483 2542 miser
505 2491 545 2542 cst
564 2486 606 2566 M.
630 2486 758 2558 Croesos,
782 2485 831 2540 sed
853 2491 971 2542 tanturn:
988 2490 1070 2543 miser
1082 2487 1123 2545 M.
1137 2488 1224 2544 Cras-

189 2611 245 2651 sos.
291 2592 339 2652 14.
361 2594 395 2652 A.
418 2594 457 2650 lta
478 2595 569 2666 plane.
613 2594 653 2652 M.
675 2591 761 2661 Quasi
784 2608 840 2647 non
869 2609 983 2648 necesse
1013 2593 1063 2668 sit,
1090 2595 1225 2669 quicquid

187 2700 347 2758 istomodo
369 2704 548 2773 pronunties,
579 2700 607 2757 id
635 2707 682 2758 aut
705 2716 766 2755 esse
788 2705 911 2754 autnon
933 2715 1004 2756 esse.
1048 2701 1090 2756 An
1113 2707 1142 2758 tu
1164 2703 1224 2759 dia-

190 2808 294 2864 lecticis
317 2826 351 2864 ne
380 2808 502 2864 imbutus
525 2808 639 2881 quidem
660 2803 712 2863 es?
745 2806 776 2860 ln
805 2805 901 2877 primis
924 2807 998 2862 enim
1019 2807 1073 2865 hoc
1094 2809 1225 2867 traditura

191 2930 273 2970 omne
295 2914 499 2986 pronuntiatum
527 2913 588 2983 (sic
616 2913 690 2968 enim
712 2911 779 2968 mihi
808 2911 836 2967 in
858 2912 1012 2983 praesentia
1034 2915 1167 2987 occurrit,
1197 2921 1227 2973 ut

190 3021 359 3091 appellarem
381 3001 521 3097 οἷξίωμας
543 3025 605 3075 utar
625 3025 690 3092 post
710 3018 776 3091 alio,
798 3019 821 3075 si
842 3019 978 3075 inuenero
1000 3020 1115 3090 melius]
1138 3022 1226 3078 -id

190 3143 258 3196 ergo
287 3135 329 3184 est
355 3126 577 3200 pronuntiatum,
605 3126 681 3199 quod
711 3133 754 3182 est
781 3142 879 3181 uerum
906 3133 952 3182 aut
979 3126 1089 3183 falsum.
1133 3129 1228 3196 Quum

191 3233 260 3290 dieis
283 3235 386 3306 igitur:
414 3236 496 3289 miser
523 3232 564 3290 M.
588 3233 722 3305 Croesos,
745 3238 792 3289 aut
818 3233 871 3288 hoc
899 3233 989 3289 dicist
1015 3237 1097 3290 miser
1122 3241 1163 3290 eet
1184 3236 1226 3294 M.

192 3335 326 3409 Crassos,
348 3345 377 3395 ut
404 3339 493 3412 possit
513 3338 646 3414 iudicari,
675 3355 773 3395 uerum
800 3339 829 3394 id
851 3339 987 3396 falsumne
1009 3339 1058 3412 sit,
1090 3347 1136 3397 aut
1156 3343 1228 3400 nihil

191 3443 262 3500 dieis
285 3445 406 3502 omnino.
449 3449 483 3503 A.
505 3448 581 3519 Age,
610 3445 665 3502 iam
692 3447 814 3502 concedo
841 3463 898 3502 non
926 3446 988 3502 esse
1015 3446 1149 3522 miseros,
1179 3450 1229 3523 qui

192 3552 294 3608 mortui
316 3553 379 3628 sint,
402 3555 534 3627 quoniam
556 3552 704 3627 extorsisti,
726 3559 756 3609 ut
777 3552 886 3627 faterer,
911 3553 959 3626 qui
976 3553 1089 3611 omniuo
1108 3571 1165 3611 non
1182 3572 1227 3612 es-

193 3665 270 3731 sent,
293 3677 342 3716 eos
364 3678 399 3717 ne
420 3661 537 3718 miseros
559 3661 673 3734 quidem
695 3677 756 3717 esse
777 3677 870 3734 posse.
903 3657 999 3730 Quid?
1026 3659 1074 3734 qui
1095 3659 1230 3737 uiuimus,

216 3785 495 3802 ⁸¹——

261 3851 338 3912 istuc)
356 3853 425 3904 istud
444 3855 475 3906 0.
521 3857 561 3907 13.
581 3857 683 3919 nessi)
701 3871 749 3909 uos
767 3858 831 3921 ipsi,
856 3858 879 3906 si
898 3857 930 3908 0.
974 3854 1122 3922 recordere)
1144 3870 1233 3908 recor-

194 3933 303 3985 darell.
339 3950 389 3986 nen
413 3939 478 4005 sint,
505 3947 531 3991 et
553 3956 603 3992 non
625 3954 669 3991 eos
692 3939 822 4005 miseros)
848 3954 899 3991 non
917 3946 996 4004 sunt,
1024 3947 1049 3990 et
1065 3955 1116 3992 non
1136 3955 1180 3992 eos
1199 3941 1231 3992 0.

193 4020 253 4081 quie
271 4034 322 4070 non
339 4018 403 4085 sint)
429 4036 453 4083 q.
471 4037 496 4072 n.
514 4032 574 4075 sunt
591 4025 623 4075 0.
641 4025 711 4092 (bis).
741 4024 780 4076 14.
801 4024 844 4086 ne)
862 4039 912 4075 nou
931 4026 980 4090 Μ,
997 4028 1043 4075 aed
1059 4041 1125 4075 corr.
1142 4028 1172 4076 tra
1189 4014 1231 4081 ne.

196 4105 254 4170 alio,
273 4105 314 4168 si)
332 4106 397 4156 alios
415 4111 441 4156 et
456 4106 488 4160 R.
524 4114 563 4158 est
579 4109 631 4175 Μ.)
650 4116 690 4160 est
705 4110 738 4161 ll.
772 4109 866 4162 mortui
883 4106 955 4174 siut)
972 4122 1009 4165 m.
1026 4115 1086 4162 suot
1103 4109 1136 4162 0.
