2610 4634
377 296 380 300 ·
465 274 888 339 ornament—32.
980 263 1002 325 Ἀ
1127 275 1188 338 tssl

150 483 323 539 honestatem
345 479 386 536 sic
407 479 608 554 complectitur,
625 487 656 537 ut
673 478 780 554 omnia,
797 496 869 552 quae
890 477 952 537 sine
972 495 1006 536 ea
1020 478 1189 554 sintqloaqe

149 595 178 644 et
198 594 275 643 retro
295 588 425 661 ponenda
446 591 566 643 censeat
616 585 728 659 Reliqui
755 586 859 643 habere
885 603 924 644 se.
942 585 1073 643 uidentur
1098 602 1188 657 uigu-

150 694 239 764 sdus,
261 699 371 751 enamnt
391 700 493 766 umen,
515 692 670 766 Epicurus,
698 692 903 765 Hieronymus,
933 700 960 748 et
981 692 1011 750 ‚si
1037 693 1087 765 qui
1114 699 1188 767 suut,

149 802 199 871 qui
221 799 361 856 desertum
386 799 466 855 illum
494 775 671 855 Carneadem
690 805 794 870 curent
818 799 978 856 defendere.
1014 800 1119 856 ,Nemo
1146 804 1190 857 est

150 905 240 978 cuim,
274 905 342 978 quin
374 897 504 984 [eorum]
540 907 680 962 honorum
710 907 834 962 animum
865 911 943 979 putet
972 921 1035 964 esse
1066 905 1189 962 iudicem

151 1028 273 1084 eumque
300 1013 522 1087 condocclaciat,
554 1018 586 1069 ut
611 1029 663 1086 ea,
696 1029 768 1086 quae
794 1013 867 1069 hona
895 1013 1003 1069 malane
1031 1013 1192 1086 uideantur,

150 1117 240 1190 possit
260 1125 446 1175 contemnere.
487 1117 539 1178 88.
560 1119 632 1174 Nam
653 1136 725 1192 qnae
746 1119 797 1175 tihi
812 1119 928 1191 Epicuri
948 1119 1067 1194 uidetru,
1090 1119 1188 1176 eadem

150 1225 204 1280 erit
234 1224 400 1297 Hieronymi
414 1256 417 1263 Δ
433 1231 461 1281 et
487 1224 638 1282 Carneadis
666 1243 748 1293 musa
775 1232 803 1282 et
827 1227 941 1283 hercule
968 1225 1093 1283 omnium
1120 1225 1186 1282 reli·

100 1361 104 1369 ·
150 1347 280 1403 quorum.
333 1332 403 1400 Quis
431 1332 507 1388 enim
533 1348 630 1403 parum
659 1339 702 1388 est
727 1340 821 1389 contra
849 1338 967 1389 mortem
993 1340 1040 1389 ant
1060 1333 1193 1389 dolorem

150 1433 284 1508 paratus?
310 1437 464 1493 Ordiamur·
482 1439 519 1495 ah
540 1455 586 1511 eo,
608 1438 633 1494 si
653 1439 753 1513 placet,
775 1454 860 1511 quem
881 1440 1006 1513 mollem,
1028 1456 1112 1512 quem
1133 1455 1186 1496 uo·

150 1546 301 1616 luptanum
322 1544 450 1600 dicimus.
493 1541 499 1547 ’

208 1670 211 1675 ·
235 1648 332 1718 Quint
364 1650 387 1706 is
409 1650 460 1706 tihi
480 1647 634 1707 mortemne
655 1651 766 1707 uidetur
786 1669 821 1708 an
850 1653 976 1708 dolorem
1001 1652 1114 1723 timere,
1136 1650 1188 1724 qui

150 1774 216 1814 eum
237 1757 322 1830 diem,
345 1773 402 1829 quo
423 1756 551 1828 moritur,
573 1757 683 1813 beatum
705 1759 827 1830 appellat
847 1758 1028 1831 maximisque
1040 1757 1186 1814 doloribus
1275 1742 1280 1748 ¹

150 1864 264 1921 allectus
287 1880 336 1920 eos
357 1862 436 1935 ipsos
456 1863 634 1920 inuenturum
655 1880 770 1921 suorum
791 1865 924 1923 memoria
947 1871 975 1921 et
995 1862 1186 1923 recordatione

150 1971 274 2027 confutat
294 1986 348 2026 nec
368 1971 436 2027 haec
457 1970 498 2026 sic
519 1970 585 2044 agit,
607 1977 639 2027 ut
658 1987 693 2026 ex
714 1977 838 2043 tempore
859 1972 941 2045 quasi
961 1971 1068 2028 effutire
1088 1971 1185 2027 uidea-

151 2084 204 2133 tur.
223 2067 231 2076 ’
247 2077 291 2133 lle
311 2084 401 2134 morte
422 2077 497 2133 enim
517 2077 555 2134 ita
582 2077 679 2150 sentit,
706 2083 738 2134 ut
758 2080 893 2137 dissoluto
914 2078 1051 2135 animante
1072 2093 1193 2134 sensum-

121 2250 122 2253 *
150 2184 299 2240 extinctum
326 2189 420 2258 putet,
448 2185 525 2261 quod
551 2190 642 2240 autem
674 2200 759 2241 sensu
786 2191 891 2256 careat,
924 2184 994 2241 nihil
1021 2185 1056 2240 ad
1083 2200 1135 2240 nos
1155 2181 1192 2240 id·

144 2290 253 2348 indicet
273 2290 422 2364 pertinere.
452 2292 536 2353 ,ltem
557 2291 592 2346 de
615 2290 712 2347 dolore
735 2296 808 2346 certa
829 2290 926 2361 hahet,
948 2307 1025 2362 qnae
1037 2295 1184 2362 sequatur,

151 2398 230 2454 cuius
252 2395 470 2468 magnitudinem
491 2395 626 2453 breuitate
645 2398 812 2469 consolatur,
824 2397 1052 2470 longinquitatem
1063 2396 1184 2452 leuitate.

124 2540 128 2544 ·
149 2503 202 2564 89.
218 2503 274 2572 Qui
295 2504 406 2560 tandem
426 2502 472 2560 isti
493 2503 672 2576 grandiloqui
693 2511 786 2560 contra
808 2504 876 2559 haec
889 2505 957 2576 duo,
974 2521 1049 2576 quae
1066 2502 1185 2559 maxime
1276 2505 1284 2513 ‘'

150 2617 265 2684 augunt,
287 2609 389 2667 melius
412 2625 442 2664 se
463 2609 567 2665 hahent
588 2626 672 2682 qnam
692 2607 855 2682 Epicurus?
876 2627 911 2666 an
932 2609 968 2666 ad
989 2616 1089 2677 cetera,
1113 2622 1185 2680 quae
1296 2591 1299 2596 ⁴

149 2719 222 2775 mala
244 2723 383 2790 putantur,
406 2732 463 2771 non
485 2721 514 2771 ct
533 2715 672 2787 Epicurus
693 2721 722 2772 et
741 2716 842 2788 reliqui
863 2715 1025 2788 philosophi
1046 2715 1112 2772 satis
1134 2722 1189 2787 p'a·¹

149 2825 201 2881 rati
222 2819 376 2880 uidentur?
398 2823 468 2889 Quis
489 2837 547 2877 non
568 2828 754 2894 paupertatem
777 2819 952 2878 extimescit?
973 2823 1072 2894 Neque
1093 2827 1185 2879 tamen

148 2907 296 3005 qnisqram
316 2927 558 3001 philosophorum.

234 3035 356 3092 xxxrr.
378 3035 435 3091 Hic
454 3051 523 3090 uero
544 3035 606 3106 ipse
628 3052 711 3108 quem
732 3051 820 3107 paruo
842 3041 885 3093 est
905 3037 1066 3093 contentusl
1095 3034 1185 3093 Nemo

148 3145 184 3200 de
205 3143 282 3199 tenui
303 3142 378 3197 uictu
399 3143 479 3213 plura
500 3141 578 3205 dixit.
627 3142 739 3199 Etenim
760 3160 832 3216 quae
853 3160 898 3199 res
919 3142 1054 3214 pecuniae
1076 3141 1185 3213 cupidi·

148 3256 232 3306 tatem
253 3247 379 3320 afferunt,
401 3254 432 3313 ut
453 3247 552 3320 amori,
574 3253 604 3304 ut
624 3247 778 3322 ambitioni,
800 3256 831 3305 ut
844 3249 1011 3321 quotidianis
1028 3247 1185 3318 sumptibus

150 3354 249 3425 copiae
265 3358 421 3427 supperunt,
443 3367 530 3426 mum
550 3353 650 3425 procul
668 3354 702 3410 ah
724 3354 759 3412 iis
782 3355 911 3411 omnihus
931 3355 1017 3410 rehus
1039 3338 1186 3426 ahsiq'cnr

157 3496 452 3508 -nn—-u-—n——un-n—

217 3596 365 3662 angustius)
381 3598 505 3660 angustiis
520 3598 552 3649 P.
588 3600 758 3666 Carneadem)
776 3600 948 3651 Carneadeum
957 3601 1010 3650 ΒΡ.
1045 3600 1106 3662 quin
1122 3597 1189 3665 [eo-¹

148 3679 236 3747 rum])
254 3683 299 3743 qul
319 3693 408 3732 eorum
425 3681 493 3736 Non.
509 3697 537 3746 p.
548 3682 595 3738 81.
604 3685 659 3736 ΒΡ.
689 3698 786 3748 eorum,
804 3686 866 3746 quin
884 3685 916 3734 0.
951 3682 1031 3748 hona)
1049 3698 1099 3734 non
1117 3686 1183 3735 hone

148 3766 215 3816 lton.
234 3766 286 3817 ll
321 3765 364 3818 88.
382 3767 467 3828 quae)
490 3769 558 3828 quod
579 3768 633 3818 nu.
667 3767 791 3832 Epicuri)
813 3768 940 3830 Epicurus
962 3768 1018 3819 ΒΡ.
1059 3766 1184 3834 hercule)

146 3849 231 3898 hercle
248 3844 278 3898 P.
314 3848 466 3912 Ordiamur)
487 3851 634 3902 ordinamur
650 3853 704 3902 ΒΡ.
739 3856 923 3914 quemquam
941 3853 983 3913 lh,
1009 3853 1184 3903 reticeantur

147 3943 233 3990 quem.
251 3944 331 3993 quoru
348 3933 377 3983 Ρ.
412 3932 487 3992 hacc)
504 3934 553 3984 hec
567 3935 597 3986 Ρ.
633 3932 1182 4000 eumne)sorvoo.p.1oa.enuturen.

148 4012 204 4076 ite)
225 4013 344 4066 intelli>-
379 4015 534 4081 dedolore)
550 4019 639 4070 dolon
655 4019 722 4070 RR-
744 4019 834 4084 cuius)
850 4018 1030 4081 aniruur'ltl‘¹
1065 4019 1190 4084 te'ultqto)

150 4095 259 4145 lenitate
276 4097 309 4148 ll.
341 4097 385 4152 89.
403 4097 464 4163 qul)
479 4100 543 4162 quo
559 4101 628 4155 Non.
643 4117 672 4167 p.
691 4100 753 4155 tall.
789 4103 821 4154 ah
839 4101 887 4168 lis)
903 4105 937 4157 ah
954 4103 995 4155 his
1012 4103 1091 4156 ltro.
1123 4122 1127 4129 ·
