2610 4634
443 289 521 336 urs.
544 280 593 335 lv.
638 292 722 338 cnr.
745 277 882 340 23-24.
1119 276 1178 340 135

138 477 226 536 tentia
254 477 391 536 dictorum
423 497 456 536 ae
487 480 623 537 laetorum
654 496 738 554 quam
771 487 877 554 purtem
903 482 1007 538 hahent
1032 479 1178 539 sanitatis?

137 585 208 658 quid
230 585 341 642 Achille
362 587 514 643 Homerico
533 586 661 663 foedius,
692 590 759 662 quid
780 589 989 660 Agamemnone
1009 589 1039 644 lu
1060 585 1176 659 iurgio?

138 709 204 748 nam
243 693 357 749 Aiacem
390 692 503 766 quidem
535 692 577 751 ire
608 696 644 752 ed
676 694 800 752 furorem
832 701 1006 768 mortemque
1038 694 1177 766 perduxit.

136 798 204 856 Non
224 798 310 871 igitur
329 800 469 857 desiderat
495 800 628 859 fortitudo
651 801 813 860 aduocatam
833 801 1020 871 iracundiam
1048 801 1114 858 setis
1135 807 1178 858 est

136 904 287 967 instructu.
318 913 427 980 parate,
454 912 555 964 armata
584 925 635 980 per
664 925 735 965 sese.
789 910 860 966 Nam
881 908 1041 965 istomodo
1063 906 1177 980 quidem

136 1013 203 1070 lieet
224 1012 318 1071 dicere
339 1013 436 1071 utilem
462 1013 643 1070 uinulentiam
670 1016 704 1071 ad
734 1012 941 1087 tortitudinem,
971 1015 1066 1071 utilem
1094 1014 1176 1070 etiam

136 1118 320 1192 dementiam,
349 1121 426 1193 quod
448 1126 475 1177 et
496 1119 584 1177 insani
607 1127 636 1178 et
657 1122 729 1179 ebrii
751 1124 836 1178 multa
858 1121 963 1178 faciunt
984 1138 1066 1192 saepe
1087 1119 1175 1179 uehe-

135 1226 268 1283 mentius.
311 1227 431 1299 Semper
450 1226 522 1283 Aiax
543 1226 633 1299 tortis,
655 1227 823 1285 fortissimus
845 1227 987 1286 tamenin
1009 1229 1120 1299 turore;

177 1333 253 1390 Nom
272 1334 384 1407 sooner
407 1335 474 1408 feeit
493 1336 653 1406 manum,
676 1350 762 1406 qoam
781 1335 893 1392 Danum
914 1336 1133 1392 inclinantibus

179 1441 323 1497 Summum
342 1458 399 1498 rein
420 1437 572 1516 †perficit
593 1459 702 1515 munes,
720 1442 860 1514 proelium
880 1444 1002 1497 restituit
1022 1443 1174 1498 insaniens.

220 1547 329 1608 xlttv.
358 1544 410 1606 53.
437 1546 568 1604 Dicamus
589 1546 674 1620 igitur
694 1547 792 1605 utilem
814 1544 970 1605 insoniam?
1003 1549 1101 1604 Tracta
1122 1548 1174 1603 de·

134 1653 276 1711 finitiones
314 1653 502 1727 tortitudinis,
550 1653 690 1726 intelliges
722 1671 785 1711 eam
816 1655 959 1712 stomacho
992 1671 1047 1711 non
1080 1670 1173 1725 egere.

134 1760 281 1817 Fortitudo
310 1768 353 1816 est
372 1761 457 1832 igitur
478 1760 585 1817 allectio
607 1759 691 1817 animi
713 1761 770 1832 legi
792 1778 915 1818 summae
936 1760 965 1817 iu
986 1760 1174 1833 perpetiendis

134 1868 221 1925 rebus
242 1867 438 1938 obtemperans
465 1869 512 1924 uel
534 1869 708 1925 conseruatis
731 1868 836 1925 stabilis
858 1867 943 1924 iudici
964 1868 994 1924 in
1015 1867 1055 1924 eis
1078 1866 1173 1939 rebus,

133 1990 207 2047 quae
228 1973 427 2033 formidolosae
449 1974 587 2048 uidentur,
610 1975 761 2033 subeundis
776 1984 805 2032 et
822 1974 990 2048 repellendis
1001 1975 1047 2031 uel
1060 1972 1174 2031 scientia

134 2098 229 2138 rerum
250 2081 496 2138 formidolosarum
523 2083 777 2156 contrariarumque
805 2088 850 2139 aut
883 2084 996 2138 omnino
1024 2079 1172 2152 negligen-

133 2189 232 2246 darum
260 2204 428 2244 conseruans
451 2204 546 2243 earum
569 2206 661 2245 rerum
689 2189 787 2246 stabile
809 2187 943 2245 iudicium
970 2188 1016 2243 uel
1046 2187 1172 2258 breuius,

132 2302 164 2352 ut
174 2293 350 2368 Chrysippus
365 2293 447 2370 (nem
468 2294 626 2366 superiores
648 2296 822 2352 definitiones
851 2301 928 2351 erant
956 2292 1088 2366 Sphaeri,
1117 2293 1188 2349 ho·-

132 2401 218 2458 minis
239 2402 268 2458 in
291 2400 387 2473 primis
409 2402 481 2458 hene
503 2401 670 2473 definientis,
693 2408 723 2458 ut
744 2408 840 2474 putant
870 2400 971 2473 Stoiei;
1005 2406 1069 2456 sunt
1095 2399 1171 2456 enim

132 2507 248 2564 omuino
269 2523 364 2564 omnes
387 2507 446 2564 sere
475 2509 596 2580 similes,
625 2510 674 2565 sed
703 2510 824 2565 declarat
853 2524 1014 2564 communes
1041 2508 1170 2563 notiones

131 2615 186 2671 alia
209 2613 298 2685 magis
321 2607 412 2690 elia);
440 2632 497 2687 quo
520 2616 604 2671 modo
626 2615 709 2686 igitur
731 2611 928 2690 Chrysippus?
950 2614 1093 2670 Fortitudo
1116 2620 1169 2687 est,

131 2721 239 2794 iuquit,
262 2720 375 2777 seientia
398 2739 489 2778 rerum
512 2712 742 2793 perferendarum
762 2723 809 2779 uel
831 2721 939 2778 allectio
961 2722 1046 2776 animi
1067 2721 1095 2777 in
1118 2736 1168 2792 pa·

130 2828 224 2885 tiendo
246 2845 279 2884 ac
300 2829 477 2900 perferendo,
500 2845 624 2886 summae
646 2829 701 2900 legi
723 2845 822 2901 parens
844 2826 904 2884 sine
921 2826 1029 2882 timore.
1063 2826 1168 2894 Quum·
1249 2871 1253 2884 ,

129 2936 176 2992 uis
197 2935 263 2992 licet
282 2936 451 2992 insectemur
478 2935 563 3007 istos,
593 2941 624 2993 ul
651 2935 809 2993 Carneades
838 2935 960 3006 solebat3
993 2939 1103 3005 metuo,
1133 2948 1168 2991 ne

130 3042 184 3098 soli
213 3042 374 3114 philosophi
403 3042 465 3098 sint
523 3044 601 3110 Quae
630 3044 705 3099 enirn
734 3044 850 3100 istarum
882 3040 1074 3099 definitionum
1111 3056 1168 3098 nou

130 3149 219 3221 aperit
240 3148 382 3206 notionem
404 3156 539 3221 nostram,
569 3167 652 3222 quam
674 3151 806 3207 habemus
830 3166 928 3206 omnes
949 3149 985 3204 de
1007 3147 1168 3204 fortitudine

129 3262 229 3313 tectam
251 3263 333 3329 atque
355 3254 531 3313 inuolutam?
553 3273 608 3329 qua
629 3263 721 3328 aperta
744 3257 806 3329 quis
829 3261 881 3329 est,
904 3257 953 3328 qui
974 3261 1022 3312 ant
1037 3254 1166 3309 bellatori

129 3371 176 3420 eut
196 3361 356 3435 imperatori
379 3371 426 3420 aut
447 3362 549 3419 oratori
577 3370 691 3434 quaerat
716 3363 822 3435 aliquid
844 3379 934 3434 neque
956 3378 1005 3417 eos
1028 3358 1166 3416 existimet

129 3469 191 3527 sine
213 3469 290 3526 rabie
312 3469 460 3543 quiequam
484 3468 590 3525 fortiter
612 3469 702 3526 facere
724 3466 832 3542 posse?
865 3467 916 3526 54.
938 3463 1034 3536 Quint
1068 3465 1163 3538 Stoici,

128 3576 177 3650 qui
200 3593 296 3634 omnes
313 3576 475 3649 insipientes
497 3576 609 3632 insenos
631 3593 693 3632 esse
715 3576 820 3649 dicunt,
835 3591 928 3631 nonne
943 3573 995 3631 ista
1007 3569 1164 3645 eolligunt?

195 3873 241 3937 ac)
260 3880 335 3935 etque
353 3874 385 3924 0.
428 3874 525 3938 quam)
550 3889 599 3938 qua
620 3876 649 3925 P.
675 3872 858 3940 ntoolentiam)
876 3876 957 3924 uinul.
975 3876 1029 3925 ΒΡ.
1063 3871 1164 3937 †per·

127 3959 181 4008 dett
194 3971 295 4017 manns,
313 3961 392 4020 proel.
410 3958 486 4022 rest.)
505 3961 560 4010 stne
577 3967 640 4010 netu
656 3966 770 4024 corrupt.
788 3961 841 4009 ΒΡ.
876 3960 982 4022 perfecit
999 3973 1084 4022 menn,
1103 3965 1163 4009 rest.

127 4043 207 4106 pr.0.
235 4043 278 4093 53.
297 4041 435 4107 insaniem)
455 4045 581 4094 insaniem
592 4046 645 4096 RP.
672 4041 916 4109 contrariorumque)
934 4051 1013 4094 contr.
1032 4046 1163 4107 perferen·

127 4128 216 4179 darum
236 4127 268 4180 0.
304 4127 423 4193 Sphaeri)
441 4128 531 4191 spheri
549 4130 602 4183 ΒΡ.
644 4128 767 4194 declaret)
785 4131 915 4182 declarent
931 4130 1009 4181 lll’t).
