<?xml version="1.0" encoding="UTF-8"?>
<!DOCTYPE html PUBLIC "-//W3C//DTD XHTML 1.0 Transitional//EN"
    "http://www.w3.org/TR/xhtml1/DTD/xhtml1-transitional.dtd">
<html xmlns="http://www.w3.org/1999/xhtml" xml:lang="en" lang="en">
 <head>
  <title>
</title>
<meta http-equiv="Content-Type" content="text/html;charset=utf-8" />
  <meta name='ocr-system' content='tesseract 3.04.00' />
  <meta name='ocr-capabilities' content='ocr_page ocr_carea ocr_par ocr_line ocrx_word'/>
</head>
<body>
  <div class='ocr_page' id='page_1' title='image "./tusculanarumdis00treggoog_0069.png"; bbox 0 0 2610 4634; ppageno 0'>
   <div class='ocr_carea' id='block_1_1' title="bbox 189 250 1030 326">
    <p class='ocr_par' dir='ltr' id='par_1_1' title="bbox 189 250 1030 326">
     <span class='ocr_line' id='line_1_1' title="bbox 189 250 1030 326; baseline -0.007 0"><span class='ocrx_word' id='word_1_1' title='bbox 189 250 232 326; x_wconf 77' lang='grc'><strong>38</strong></span> <span class='ocrx_word' id='word_1_2' title='bbox 415 275 646 322; x_wconf 77' lang='lat' dir='ltr'><strong>ruscunau.</strong></span> <span class='ocrx_word' id='word_1_3' title='bbox 680 274 1030 322; x_wconf 78' lang='lat' dir='ltr'><strong>ursrorarrouuu</strong></span> 
     </span>
    </p>
   </div>
   <div class='ocr_carea' id='block_1_2' title="bbox 187 466 1251 1936">
    <p class='ocr_par' dir='ltr' id='par_1_2' title="bbox 187 466 1251 1615">
     <span class='ocr_line' id='line_1_2' title="bbox 188 466 1225 544; baseline -0.001 -19"><span class='ocrx_word' id='word_1_4' title='bbox 188 475 264 544; x_wconf 87' lang='lat' dir='ltr'><strong>tura,</strong></span> <span class='ocrx_word' id='word_1_5' title='bbox 286 466 362 542; x_wconf 82' lang='lat' dir='ltr'><strong>qrrod</strong></span> <span class='ocrx_word' id='word_1_6' title='bbox 383 466 503 525; x_wconf 77' lang='lat' dir='ltr'><strong>dederat.</strong></span> <span class='ocrx_word' id='word_1_7' title='bbox 552 468 683 525; x_wconf 89' lang='lat' dir='ltr'><strong>Nondum</strong></span> <span class='ocrx_word' id='word_1_8' title='bbox 704 473 875 542; x_wconf 79' lang='lat' dir='ltr'><strong>gustaucrat,</strong></span> <span class='ocrx_word' id='word_1_9' title='bbox 902 466 1006 543; x_wconf 87' lang='lat' dir='ltr'><strong>inquit,</strong></span> <span class='ocrx_word' id='word_1_10' title='bbox 1029 466 1102 525; x_wconf 87' lang='lat' dir='ltr'><strong>uitae</strong></span> <span class='ocrx_word' id='word_1_11' title='bbox 1131 468 1225 525; x_wconf 91' lang='lat' dir='ltr'><strong>suaui-</strong></span> 
     </span>
     <span class='ocr_line' id='line_1_3' title="bbox 188 574 1224 649; baseline -0.005 -13"><span class='ocrx_word' id='word_1_12' title='bbox 188 581 287 649; x_wconf 82' lang='lat' dir='ltr'><strong>tatem3</strong></span> <span class='ocrx_word' id='word_1_13' title='bbox 313 575 359 632; x_wconf 92' lang='lat' dir='ltr'><strong>bic</strong></span> <span class='ocrx_word' id='word_1_14' title='bbox 387 580 479 632; x_wconf 91' lang='lat' dir='ltr'><strong>autem</strong></span> <span class='ocrx_word' id='word_1_15' title='bbox 504 575 559 634; x_wconf 92' lang='lat' dir='ltr'><strong>iam</strong></span> <span class='ocrx_word' id='word_1_16' title='bbox 581 576 709 648; x_wconf 82' lang='lat' dir='ltr'>sperabat</span> <span class='ocrx_word' id='word_1_17' title='bbox 729 592 845 648; x_wconf 82' lang='lat' dir='ltr'><strong>magna,</strong></span> <span class='ocrx_word' id='word_1_18' title='bbox 873 575 975 648; x_wconf 90' lang='lat' dir='ltr'><strong>quibus</strong></span> <span class='ocrx_word' id='word_1_19' title='bbox 1003 574 1058 632; x_wconf 88' lang='lat' dir='ltr'><strong>trui</strong></span> <span class='ocrx_word' id='word_1_20' title='bbox 1085 581 1224 649; x_wconf 85' lang='lat' dir='ltr'><strong>coeperat</strong></span> 
     </span>
     <span class='ocr_line' id='line_1_4' title="bbox 188 674 1224 762; baseline -0.003 -21"><span class='ocrx_word' id='word_1_21' title='bbox 188 685 226 741; x_wconf 79' lang='lat' dir='ltr'><strong>dt</strong></span> <span class='ocrx_word' id='word_1_22' title='bbox 245 683 275 740; x_wconf 91' lang='lat' dir='ltr'><strong>id</strong></span> <span class='ocrx_word' id='word_1_23' title='bbox 296 682 408 757; x_wconf 86' lang='lat' dir='ltr'><strong>quidem</strong></span> <span class='ocrx_word' id='word_1_24' title='bbox 426 674 549 762; x_wconf 89' lang='lat' dir='ltr'><strong>[ipsum]</strong></span> <span class='ocrx_word' id='word_1_25' title='bbox 563 683 592 739; x_wconf 91' lang='lat' dir='ltr'><strong>iu</strong></span> <span class='ocrx_word' id='word_1_26' title='bbox 613 682 710 739; x_wconf 86' lang='lat' dir='ltr'><strong>ceteris</strong></span> <span class='ocrx_word' id='word_1_27' title='bbox 733 682 816 739; x_wconf 88' lang='lat' dir='ltr'><strong>rebus</strong></span> <span class='ocrx_word' id='word_1_28' title='bbox 838 681 938 738; x_wconf 89' lang='lat' dir='ltr'><strong>melius</strong></span> <span class='ocrx_word' id='word_1_29' title='bbox 960 689 1079 757; x_wconf 87' lang='lat' dir='ltr'><strong>putatur,</strong></span> <span class='ocrx_word' id='word_1_30' title='bbox 1102 682 1224 756; x_wconf 81' lang='lat' dir='ltr'>aliquam</span> 
     </span>
     <span class='ocr_line' id='line_1_5' title="bbox 188 785 1223 866; baseline -0.002 -18"><span class='ocrx_word' id='word_1_31' title='bbox 188 798 296 866; x_wconf 88' lang='lat' dir='ltr'><strong>partem</strong></span> <span class='ocrx_word' id='word_1_32' title='bbox 317 806 400 864; x_wconf 86' lang='lat' dir='ltr'><strong>quam</strong></span> <span class='ocrx_word' id='word_1_33' title='bbox 421 785 527 846; x_wconf 89' lang='lat' dir='ltr'><strong>nullam</strong></span> <span class='ocrx_word' id='word_1_34' title='bbox 549 790 699 862; x_wconf 80' lang='lat' dir='ltr'><strong>attingere3</strong></span> <span class='ocrx_word' id='word_1_35' title='bbox 729 806 777 845; x_wconf 90' lang='lat' dir='ltr'><strong>cur</strong></span> <span class='ocrx_word' id='word_1_36' title='bbox 799 788 827 845; x_wconf 87' lang='lat' dir='ltr'><strong>in</strong></span> <span class='ocrx_word' id='word_1_37' title='bbox 849 789 905 846; x_wconf 90' lang='lat' dir='ltr'><strong>uita</strong></span> <span class='ocrx_word' id='word_1_38' title='bbox 927 788 1031 847; x_wconf 79' lang='lat' dir='ltr'><strong>secus?</strong></span> <span class='ocrx_word' id='word_1_39' title='bbox 1059 793 1223 863; x_wconf 80' lang='lat' dir='ltr'><strong>Quanquam</strong></span> 
     </span>
     <span class='ocr_line' id='line_1_6' title="bbox 189 895 1251 968; baseline -0.001 -13"><span class='ocrx_word' id='word_1_40' title='bbox 189 916 246 956; x_wconf 91' lang='lat' dir='ltr'><strong>uon</strong></span> <span class='ocrx_word' id='word_1_41' title='bbox 266 901 339 955; x_wconf 91' lang='lat' dir='ltr'><strong>male</strong></span> <span class='ocrx_word' id='word_1_42' title='bbox 367 898 404 954; x_wconf 88' lang='lat' dir='ltr'><strong>ait</strong></span> <span class='ocrx_word' id='word_1_43' title='bbox 430 896 615 954; x_wconf 80' lang='lat' dir='ltr'><strong>Callimachus</strong></span> <span class='ocrx_word' id='word_1_44' title='bbox 642 896 729 953; x_wconf 92' lang='lat' dir='ltr'><strong>multo</strong></span> <span class='ocrx_word' id='word_1_45' title='bbox 758 895 868 968; x_wconf 87' lang='lat' dir='ltr'><strong>saepius</strong></span> <span class='ocrx_word' id='word_1_46' title='bbox 895 897 1053 954; x_wconf 88' lang='lat' dir='ltr'><strong>lacrimasse</strong></span> <span class='ocrx_word' id='word_1_47' title='bbox 1082 899 1224 955; x_wconf 82' lang='lat' dir='ltr'><strong>Priamum</strong></span> <span class='ocrx_word' id='word_1_48' title='bbox 1248 934 1251 939; x_wconf 87' lang='lat'><strong>·</strong></span> 
     </span>
     <span class='ocr_line' id='line_1_7' title="bbox 189 996 1222 1080; baseline -0.001 -19"><span class='ocrx_word' id='word_1_49' title='bbox 189 1023 271 1079; x_wconf 91' lang='lat' dir='ltr'><strong>quam</strong></span> <span class='ocrx_word' id='word_1_50' title='bbox 294 1004 429 1062; x_wconf 81' lang='lat' dir='ltr'><strong>Troilum.</strong></span> <span class='ocrx_word' id='word_1_51' title='bbox 471 1004 578 1063; x_wconf 83' lang='lat' dir='ltr'><strong>Eorum</strong></span> <span class='ocrx_word' id='word_1_52' title='bbox 600 996 706 1075; x_wconf 69' lang='lat' dir='ltr'><strong>autent,</strong></span> <span class='ocrx_word' id='word_1_53' title='bbox 740 1003 788 1075; x_wconf 87' lang='lat' dir='ltr'><strong>qui</strong></span> <span class='ocrx_word' id='word_1_54' title='bbox 818 1009 912 1060; x_wconf 82' lang='lat' dir='ltr'><strong>exacta</strong></span> <span class='ocrx_word' id='word_1_55' title='bbox 942 1011 1029 1061; x_wconf 87' lang='lat' dir='ltr'><strong>aetate</strong></span> <span class='ocrx_word' id='word_1_56' title='bbox 1056 1005 1222 1080; x_wconf 81' lang='lat' dir='ltr'><strong>moriuntur,</strong></span> 
     </span>
     <span class='ocr_line' id='line_1_8' title="bbox 188 1106 1223 1185; baseline -0.001 -15"><span class='ocrx_word' id='word_1_57' title='bbox 188 1113 299 1170; x_wconf 81' lang='lat' dir='ltr'><strong>fortuna</strong></span> <span class='ocrx_word' id='word_1_58' title='bbox 320 1112 455 1170; x_wconf 90' lang='lat' dir='ltr'><strong>laudatur.</strong></span> <span class='ocrx_word' id='word_1_59' title='bbox 489 1108 538 1169; x_wconf 86' lang='grc'><strong>94.</strong></span> <span class='ocrx_word' id='word_1_60' title='bbox 562 1106 642 1166; x_wconf 82' lang='lat' dir='ltr'><strong>Cur?</strong></span> <span class='ocrx_word' id='word_1_61' title='bbox 665 1127 738 1182; x_wconf 84' lang='lat' dir='ltr'><strong>nam,</strong></span> <span class='ocrx_word' id='word_1_62' title='bbox 762 1126 836 1184; x_wconf 76' lang='lat' dir='ltr'><strong>reor,</strong></span> <span class='ocrx_word' id='word_1_63' title='bbox 859 1127 914 1166; x_wconf 88' lang='lat' dir='ltr'><strong>noo</strong></span> <span class='ocrx_word' id='word_1_64' title='bbox 937 1113 1011 1185; x_wconf 86' lang='lat' dir='ltr'><strong>ullis,</strong></span> <span class='ocrx_word' id='word_1_65' title='bbox 1035 1112 1058 1169; x_wconf 90' lang='lat' dir='ltr'><strong>si</strong></span> <span class='ocrx_word' id='word_1_66' title='bbox 1080 1112 1137 1168; x_wconf 87' lang='lat' dir='ltr'><strong>uita</strong></span> <span class='ocrx_word' id='word_1_67' title='bbox 1159 1113 1223 1169; x_wconf 89' lang='lat' dir='ltr'><strong>lon·</strong></span> 
     </span>
     <span class='ocr_line' id='line_1_9' title="bbox 188 1192 1223 1293; baseline 0 -17"><span class='ocrx_word' id='word_1_68' title='bbox 188 1217 250 1292; x_wconf 70' lang='lat' dir='ltr'><strong>gior</strong></span> <span class='ocrx_word' id='word_1_69' title='bbox 271 1220 398 1292; x_wconf 77' lang='lat' dir='ltr'><strong>daretur,</strong></span> <span class='ocrx_word' id='word_1_70' title='bbox 426 1216 525 1290; x_wconf 85' lang='lat' dir='ltr'><strong>posset</strong></span> <span class='ocrx_word' id='word_1_71' title='bbox 550 1232 613 1273; x_wconf 89' lang='lat' dir='ltr'><strong>esse</strong></span> <span class='ocrx_word' id='word_1_72' title='bbox 630 1192 794 1273; x_wconf 82' lang='lat' dir='ltr'><strong>iucundior.</strong></span> <span class='ocrx_word' id='word_1_73' title='bbox 839 1217 914 1274; x_wconf 90' lang='lat' dir='ltr'><strong>Nihil</strong></span> <span class='ocrx_word' id='word_1_74' title='bbox 936 1219 1011 1275; x_wconf 88' lang='lat' dir='ltr'><strong>onim</strong></span> <span class='ocrx_word' id='word_1_75' title='bbox 1033 1225 1076 1276; x_wconf 91' lang='lat' dir='ltr'><strong>est</strong></span> <span class='ocrx_word' id='word_1_76' title='bbox 1097 1219 1223 1293; x_wconf 86' lang='lat' dir='ltr'><strong>prolecto</strong></span> 
     </span>
     <span class='ocr_line' id='line_1_10' title="bbox 188 1325 1223 1401; baseline 0 -19"><span class='ocrx_word' id='word_1_77' title='bbox 188 1325 294 1383; x_wconf 91' lang='lat' dir='ltr'><strong>bomini</strong></span> <span class='ocrx_word' id='word_1_78' title='bbox 316 1325 461 1400; x_wconf 85' lang='lat' dir='ltr'><strong>prudentia</strong></span> <span class='ocrx_word' id='word_1_79' title='bbox 482 1325 601 1398; x_wconf 82' lang='lat' dir='ltr'><strong>dulcius,</strong></span> <span class='ocrx_word' id='word_1_80' title='bbox 629 1340 722 1398; x_wconf 81' lang='lat' dir='ltr'><strong>quam,</strong></span> <span class='ocrx_word' id='word_1_81' title='bbox 750 1330 780 1381; x_wconf 90' lang='lat' dir='ltr'><strong>ut</strong></span> <span class='ocrx_word' id='word_1_82' title='bbox 801 1332 889 1381; x_wconf 89' lang='lat' dir='ltr'><strong>cetera</strong></span> <span class='ocrx_word' id='word_1_83' title='bbox 912 1327 1026 1401; x_wconf 82' lang='lat' dir='ltr'><strong>auferat,</strong></span> <span class='ocrx_word' id='word_1_84' title='bbox 1049 1326 1128 1384; x_wconf 82' lang='lat' dir='ltr'><strong>affert</strong></span> <span class='ocrx_word' id='word_1_85' title='bbox 1149 1333 1223 1383; x_wconf 88' lang='lat' dir='ltr'><strong>certe</strong></span> 
     </span>
     <span class='ocr_line' id='line_1_11' title="bbox 187 1432 1223 1508; baseline -0.002 -16"><span class='ocrx_word' id='word_1_86' title='bbox 187 1442 324 1493; x_wconf 88' lang='lat' dir='ltr'><strong>senectus.</strong></span> <span class='ocrx_word' id='word_1_87' title='bbox 356 1434 434 1504; x_wconf 83' lang='lat' dir='ltr'><strong>Quae</strong></span> <span class='ocrx_word' id='word_1_88' title='bbox 455 1449 525 1490; x_wconf 86' lang='lat' dir='ltr'><strong>uero</strong></span> <span class='ocrx_word' id='word_1_89' title='bbox 547 1437 620 1489; x_wconf 90' lang='lat' dir='ltr'><strong>aetas</strong></span> <span class='ocrx_word' id='word_1_90' title='bbox 642 1433 727 1504; x_wconf 82' lang='lat' dir='ltr'><strong>longa</strong></span> <span class='ocrx_word' id='word_1_91' title='bbox 748 1438 801 1508; x_wconf 88' lang='lat' dir='ltr'><strong>est,</strong></span> <span class='ocrx_word' id='word_1_92' title='bbox 824 1437 871 1489; x_wconf 94' lang='lat' dir='ltr'><strong>aut</strong></span> <span class='ocrx_word' id='word_1_93' title='bbox 891 1432 958 1507; x_wconf 90' lang='lat' dir='ltr'><strong>quid</strong></span> <span class='ocrx_word' id='word_1_94' title='bbox 973 1433 1093 1491; x_wconf 76' lang='lat' dir='ltr'><strong>&#39;omnino</strong></span> <span class='ocrx_word' id='word_1_95' title='bbox 1116 1433 1223 1491; x_wconf 88' lang='lat' dir='ltr'><strong>bomini</strong></span> 
     </span>
     <span class='ocr_line' id='line_1_12' title="bbox 187 1539 867 1615; baseline -0.003 -15"><span class='ocrx_word' id='word_1_96' title='bbox 187 1539 325 1615; x_wconf 80' lang='lat' dir='ltr'><strong>longum?</strong></span> <span class='ocrx_word' id='word_1_97' title='bbox 346 1542 447 1599; x_wconf 90' lang='lat' dir='ltr'><strong>Nonne</strong></span> <span class='ocrx_word' id='word_1_98' title='bbox 858 1539 867 1554; x_wconf 79' lang='grc'><strong><em>’</em></strong></span> 
     </span>
    </p>

    <p class='ocr_par' dir='ltr' id='par_1_3' title="bbox 271 1647 1222 1722">
     <span class='ocr_line' id='line_1_13' title="bbox 271 1647 1222 1722; baseline -0.002 -15"><span class='ocrx_word' id='word_1_99' title='bbox 271 1649 357 1707; x_wconf 81' lang='lat' dir='ltr'><strong>Modo</strong></span> <span class='ocrx_word' id='word_1_100' title='bbox 371 1664 487 1722; x_wconf 76' lang='lat' dir='ltr'><strong>pueros,</strong></span> <span class='ocrx_word' id='word_1_101' title='bbox 508 1650 590 1704; x_wconf 84' lang='lat' dir='ltr'><strong>modo</strong></span> <span class='ocrx_word' id='word_1_102' title='bbox 608 1647 789 1704; x_wconf 77' lang='lat' dir='ltr'><strong>adolescentes</strong></span> <span class='ocrx_word' id='word_1_103' title='bbox 806 1649 837 1704; x_wconf 82' lang='lat' dir='ltr'><strong>in</strong></span> <span class='ocrx_word' id='word_1_104' title='bbox 855 1664 938 1705; x_wconf 79' lang='lat' dir='ltr'><strong>corso</strong></span> <span class='ocrx_word' id='word_1_105' title='bbox 954 1666 972 1705; x_wconf 89' lang='lat' dir='ltr'><strong>o</strong></span> <span class='ocrx_word' id='word_1_106' title='bbox 989 1654 1064 1722; x_wconf 79' lang='lat' dir='ltr'><strong>terpo</strong></span> <span class='ocrx_word' id='word_1_107' title='bbox 1077 1651 1222 1722; x_wconf 80' lang='lat' dir='ltr'><strong>insequens</strong></span> 
     </span>
    </p>

    <p class='ocr_par' dir='ltr' id='par_1_4' title="bbox 188 1755 1221 1936">
     <span class='ocr_line' id='line_1_14' title="bbox 271 1755 705 1828; baseline -0.002 -17"><span class='ocrx_word' id='word_1_108' title='bbox 271 1755 326 1812; x_wconf 87' lang='lat' dir='ltr'><strong>Nee</strong></span> <span class='ocrx_word' id='word_1_109' title='bbox 349 1759 494 1828; x_wconf 75' lang='lat' dir='ltr'><strong>opinantes</strong></span> <span class='ocrx_word' id='word_1_110' title='bbox 517 1761 643 1812; x_wconf 81' lang='lat' dir='ltr'><strong>assecuto</strong></span> <span class='ocrx_word' id='word_1_111' title='bbox 665 1760 705 1810; x_wconf 86' lang='lat' dir='ltr'><strong>est</strong></span> 
     </span>
     <span class='ocr_line' id='line_1_15' title="bbox 188 1858 1221 1936; baseline 0 -16"><span class='ocrx_word' id='word_1_112' title='bbox 188 1858 337 1920; x_wconf 78' lang='lat' dir='ltr'><strong>senectus?</strong></span> <span class='ocrx_word' id='word_1_113' title='bbox 360 1862 416 1919; x_wconf 91' lang='lat' dir='ltr'><strong>Sed</strong></span> <span class='ocrx_word' id='word_1_114' title='bbox 438 1861 504 1936; x_wconf 89' lang='lat' dir='ltr'><strong>quia</strong></span> <span class='ocrx_word' id='word_1_115' title='bbox 524 1863 597 1919; x_wconf 88' lang='lat' dir='ltr'><strong>ultra</strong></span> <span class='ocrx_word' id='word_1_116' title='bbox 617 1861 685 1919; x_wconf 91' lang='lat' dir='ltr'><strong>nibil</strong></span> <span class='ocrx_word' id='word_1_117' title='bbox 707 1861 858 1935; x_wconf 82' lang='lat' dir='ltr'><strong>habemus,</strong></span> <span class='ocrx_word' id='word_1_118' title='bbox 881 1863 934 1920; x_wconf 90' lang='lat' dir='ltr'><strong>boc</strong></span> <span class='ocrx_word' id='word_1_119' title='bbox 955 1864 1072 1935; x_wconf 79' lang='lat' dir='ltr'><strong>longum</strong></span> <span class='ocrx_word' id='word_1_120' title='bbox 1093 1862 1221 1921; x_wconf 84' lang='lat' dir='ltr'><strong>dicimus.</strong></span> 
     </span>
    </p>
   </div>
   <div class='ocr_carea' id='block_1_3' title="bbox 75 1968 1223 2046">
    <p class='ocr_par' dir='ltr' id='par_1_5' title="bbox 75 1968 1223 2046">
     <span class='ocr_line' id='line_1_16' title="bbox 75 1968 1223 2046; baseline 0.001 -19"><span class='ocrx_word' id='word_1_121' title='bbox 75 1974 79 1982; x_wconf 80' lang='grc'><em>’</em></span> <span class='ocrx_word' id='word_1_122' title='bbox 188 1969 290 2027; x_wconf 89' lang='lat' dir='ltr'><strong>Omnia</strong></span> <span class='ocrx_word' id='word_1_123' title='bbox 318 1968 369 2025; x_wconf 88' lang='lat' dir='ltr'><strong>ista</strong></span> <span class='ocrx_word' id='word_1_124' title='bbox 397 1968 512 2042; x_wconf 78' lang='lat' dir='ltr'><strong>perinde</strong></span> <span class='ocrx_word' id='word_1_125' title='bbox 542 1975 572 2025; x_wconf 90' lang='lat' dir='ltr'><strong>ut</strong></span> <span class='ocrx_word' id='word_1_126' title='bbox 600 1969 700 2042; x_wconf 87' lang='lat' dir='ltr'><strong>cuique</strong></span> <span class='ocrx_word' id='word_1_127' title='bbox 722 1971 784 2026; x_wconf 90' lang='lat' dir='ltr'><strong>data</strong></span> <span class='ocrx_word' id='word_1_128' title='bbox 812 1977 876 2027; x_wconf 90' lang='lat' dir='ltr'><strong>sunt</strong></span> <span class='ocrx_word' id='word_1_129' title='bbox 902 1987 954 2043; x_wconf 91' lang='lat' dir='ltr'><strong>pro</strong></span> <span class='ocrx_word' id='word_1_130' title='bbox 980 1976 1037 2028; x_wconf 91' lang='lat' dir='ltr'><strong>rata</strong></span> <span class='ocrx_word' id='word_1_131' title='bbox 1063 1977 1157 2046; x_wconf 87' lang='lat' dir='ltr'><strong>parte,</strong></span> <span class='ocrx_word' id='word_1_132' title='bbox 1185 1970 1223 2028; x_wconf 89' lang='lat' dir='ltr'><strong>ita</strong></span> 
     </span>
    </p>
   </div>
   <div class='ocr_carea' id='block_1_4' title="bbox 148 2075 1223 3546">
    <p class='ocr_par' dir='ltr' id='par_1_6' title="bbox 148 2075 1223 2796">
     <span class='ocr_line' id='line_1_17' title="bbox 186 2075 1223 2152; baseline -0.001 -18"><span class='ocrx_word' id='word_1_133' title='bbox 186 2084 234 2134; x_wconf 89' lang='lat' dir='ltr'><strong>aut</strong></span> <span class='ocrx_word' id='word_1_134' title='bbox 254 2078 337 2149; x_wconf 85' lang='lat' dir='ltr'><strong>longa</strong></span> <span class='ocrx_word' id='word_1_135' title='bbox 359 2083 405 2133; x_wconf 89' lang='lat' dir='ltr'><strong>aut</strong></span> <span class='ocrx_word' id='word_1_136' title='bbox 425 2075 521 2133; x_wconf 88' lang='lat' dir='ltr'><strong>breuia</strong></span> <span class='ocrx_word' id='word_1_137' title='bbox 548 2076 687 2134; x_wconf 66' lang='lat' dir='ltr'><strong>dicuutur:</strong></span> <span class='ocrx_word' id='word_1_138' title='bbox 729 2077 812 2149; x_wconf 81' lang='lat' dir='ltr'><strong>Apud</strong></span> <span class='ocrx_word' id='word_1_139' title='bbox 841 2077 983 2151; x_wconf 78' lang='lat' dir='ltr'><strong>Hypanim</strong></span> <span class='ocrx_word' id='word_1_140' title='bbox 1010 2077 1143 2152; x_wconf 86' lang='lat' dir='ltr'><strong>fluuium,</strong></span> <span class='ocrx_word' id='word_1_141' title='bbox 1174 2077 1223 2150; x_wconf 84' lang='lat' dir='ltr'><strong>qui</strong></span> 
     </span>
     <span class='ocr_line' id='line_1_18' title="bbox 185 2167 1222 2258; baseline 0.003 -19"><span class='ocrx_word' id='word_1_142' title='bbox 185 2183 222 2240; x_wconf 91' lang='lat' dir='ltr'><strong>ab</strong></span> <span class='ocrx_word' id='word_1_143' title='bbox 242 2184 372 2257; x_wconf 82' lang='lat' dir='ltr'><strong>Europae</strong></span> <span class='ocrx_word' id='word_1_144' title='bbox 393 2190 471 2256; x_wconf 88' lang='lat' dir='ltr'><strong>parte</strong></span> <span class='ocrx_word' id='word_1_145' title='bbox 496 2182 526 2242; x_wconf 92' lang='lat' dir='ltr'><strong>in</strong></span> <span class='ocrx_word' id='word_1_146' title='bbox 552 2185 672 2241; x_wconf 81' lang='lat' dir='ltr'><strong>Pontum</strong></span> <span class='ocrx_word' id='word_1_147' title='bbox 699 2184 803 2258; x_wconf 83' lang='lat' dir='ltr'><strong>induit,</strong></span> <span class='ocrx_word' id='word_1_148' title='bbox 833 2167 1000 2241; x_wconf 38' lang='lat' dir='ltr'><strong>Aristoteles*</strong></span> <span class='ocrx_word' id='word_1_149' title='bbox 1024 2185 1062 2240; x_wconf 88' lang='lat' dir='ltr'><strong>ait</strong></span> <span class='ocrx_word' id='word_1_150' title='bbox 1089 2184 1222 2242; x_wconf 77' lang='lat' dir='ltr'><strong>bestiolas</strong></span> 
     </span>
     <span class='ocr_line' id='line_1_19' title="bbox 148 2291 1222 2365; baseline 0.003 -19"><span class='ocrx_word' id='word_1_151' title='bbox 148 2336 153 2345; x_wconf 82' lang='grc'>.</span> <span class='ocrx_word' id='word_1_152' title='bbox 187 2291 321 2364; x_wconf 86' lang='lat' dir='ltr'><strong>quasdam</strong></span> <span class='ocrx_word' id='word_1_153' title='bbox 342 2292 435 2364; x_wconf 79' lang='lat' dir='ltr'><strong>nasci,</strong></span> <span class='ocrx_word' id='word_1_154' title='bbox 464 2309 535 2365; x_wconf 90' lang='lat' dir='ltr'><strong>quae</strong></span> <span class='ocrx_word' id='word_1_155' title='bbox 562 2308 647 2348; x_wconf 93' lang='lat' dir='ltr'><strong>unum</strong></span> <span class='ocrx_word' id='word_1_156' title='bbox 675 2293 749 2348; x_wconf 88' lang='lat' dir='ltr'><strong>diem</strong></span> <span class='ocrx_word' id='word_1_157' title='bbox 771 2292 875 2349; x_wconf 90' lang='lat' dir='ltr'><strong>uiuant.</strong></span> <span class='ocrx_word' id='word_1_158' title='bbox 918 2293 961 2348; x_wconf 81' lang='lat' dir='ltr'><strong>Ex</strong></span> <span class='ocrx_word' id='word_1_159' title='bbox 982 2291 1026 2348; x_wconf 87' lang='lat' dir='ltr'><strong>bis</strong></span> <span class='ocrx_word' id='word_1_160' title='bbox 1048 2292 1132 2364; x_wconf 82' lang='lat' dir='ltr'><strong>igitur</strong></span> <span class='ocrx_word' id='word_1_161' title='bbox 1154 2292 1222 2350; x_wconf 91' lang='lat' dir='ltr'><strong>bora</strong></span> 
     </span>
     <span class='ocr_line' id='line_1_20' title="bbox 186 2404 1221 2472; baseline 0.001 -17"><span class='ocrx_word' id='word_1_162' title='bbox 186 2405 284 2456; x_wconf 87' lang='lat' dir='ltr'><strong>octaua</strong></span> <span class='ocrx_word' id='word_1_163' title='bbox 306 2416 376 2472; x_wconf 89' lang='lat' dir='ltr'><strong>quae</strong></span> <span class='ocrx_word' id='word_1_164' title='bbox 397 2405 505 2455; x_wconf 89' lang='lat' dir='ltr'><strong>mortua</strong></span> <span class='ocrx_word' id='word_1_165' title='bbox 528 2404 579 2470; x_wconf 83' lang='lat' dir='ltr'><strong>cst,</strong></span> <span class='ocrx_word' id='word_1_166' title='bbox 602 2404 733 2471; x_wconf 86' lang='lat' dir='ltr'><strong>prouecta</strong></span> <span class='ocrx_word' id='word_1_167' title='bbox 748 2404 835 2455; x_wconf 88' lang='lat' dir='ltr'><strong>aetate</strong></span> <span class='ocrx_word' id='word_1_168' title='bbox 856 2405 964 2455; x_wconf 90' lang='lat' dir='ltr'><strong>mortua</strong></span> <span class='ocrx_word' id='word_1_169' title='bbox 987 2405 1044 2472; x_wconf 81' lang='lat' dir='ltr'><strong>est3</strong></span> <span class='ocrx_word' id='word_1_170' title='bbox 1063 2416 1134 2471; x_wconf 87' lang='lat' dir='ltr'><strong>quae</strong></span> <span class='ocrx_word' id='word_1_171' title='bbox 1151 2415 1221 2456; x_wconf 89' lang='lat' dir='ltr'><strong>uero</strong></span> 
     </span>
     <span class='ocr_line' id='line_1_21' title="bbox 158 2495 1222 2581; baseline 0.002 -20"><span class='ocrx_word' id='word_1_172' title='bbox 158 2509 162 2518; x_wconf 85' lang='grc'><strong>”</strong></span> <span class='ocrx_word' id='word_1_173' title='bbox 187 2495 330 2562; x_wconf 84' lang='lat' dir='ltr'><strong>occidente</strong></span> <span class='ocrx_word' id='word_1_174' title='bbox 357 2507 432 2581; x_wconf 88' lang='lat' dir='ltr'><strong>sole,</strong></span> <span class='ocrx_word' id='word_1_175' title='bbox 461 2506 615 2579; x_wconf 89' lang='lat' dir='ltr'><strong>decrepita;</strong></span> <span class='ocrx_word' id='word_1_176' title='bbox 649 2524 682 2563; x_wconf 83' lang='lat' dir='ltr'><strong>eo</strong></span> <span class='ocrx_word' id='word_1_177' title='bbox 710 2505 814 2580; x_wconf 82' lang='lat' dir='ltr'><strong>magis,</strong></span> <span class='ocrx_word' id='word_1_178' title='bbox 844 2507 869 2563; x_wconf 88' lang='lat' dir='ltr'><strong>si</strong></span> <span class='ocrx_word' id='word_1_179' title='bbox 897 2505 979 2562; x_wconf 90' lang='lat' dir='ltr'><strong>etiam</strong></span> <span class='ocrx_word' id='word_1_180' title='bbox 1007 2506 1144 2563; x_wconf 86' lang='lat' dir='ltr'><strong>solstitiali</strong></span> <span class='ocrx_word' id='word_1_181' title='bbox 1166 2507 1222 2564; x_wconf 86' lang='lat' dir='ltr'><strong>die.</strong></span> 
     </span>
     <span class='ocr_line' id='line_1_22' title="bbox 187 2612 1222 2686; baseline 0 -15"><span class='ocrx_word' id='word_1_182' title='bbox 187 2612 292 2671; x_wconf 85' lang='lat' dir='ltr'><strong>Confer</strong></span> <span class='ocrx_word' id='word_1_183' title='bbox 311 2621 433 2671; x_wconf 91' lang='lat' dir='ltr'><strong>nostram</strong></span> <span class='ocrx_word' id='word_1_184' title='bbox 455 2613 645 2686; x_wconf 85' lang='lat' dir='ltr'><strong>longissimam</strong></span> <span class='ocrx_word' id='word_1_185' title='bbox 666 2612 785 2670; x_wconf 60' lang='lat' dir='ltr'><strong>aetatem*</strong></span> <span class='ocrx_word' id='word_1_186' title='bbox 803 2630 865 2671; x_wconf 91' lang='lat' dir='ltr'><strong>cum</strong></span> <span class='ocrx_word' id='word_1_187' title='bbox 883 2612 1055 2685; x_wconf 79' lang='lat' dir='ltr'><strong>aeternitate3</strong></span> <span class='ocrx_word' id='word_1_188' title='bbox 1077 2614 1222 2671; x_wconf 81' lang='lat' dir='ltr'><strong>incudem</strong></span> 
     </span>
     <span class='ocr_line' id='line_1_23' title="bbox 187 2720 1084 2796; baseline -0.001 -19"><span class='ocrx_word' id='word_1_189' title='bbox 187 2723 390 2796; x_wconf 90' lang='lat' dir='ltr'><strong>propemodum</strong></span> <span class='ocrx_word' id='word_1_190' title='bbox 411 2722 556 2791; x_wconf 77' lang='lat' dir='ltr'><strong>breuitate,</strong></span> <span class='ocrx_word' id='word_1_191' title='bbox 578 2738 633 2794; x_wconf 90' lang='lat' dir='ltr'><strong>qua</strong></span> <span class='ocrx_word' id='word_1_192' title='bbox 653 2721 716 2778; x_wconf 89' lang='lat' dir='ltr'><strong>illae</strong></span> <span class='ocrx_word' id='word_1_193' title='bbox 739 2721 882 2794; x_wconf 83' lang='lat' dir='ltr'><strong>bestiolae,</strong></span> <span class='ocrx_word' id='word_1_194' title='bbox 905 2720 1084 2792; x_wconf 84' lang='lat' dir='ltr'><strong>reperiemur.</strong></span> 
     </span>
    </p>

    <p class='ocr_par' dir='ltr' id='par_1_7' title="bbox 172 2825 1222 3546">
     <span class='ocr_line' id='line_1_24' title="bbox 270 2825 1222 2901; baseline -0.001 -15"><span class='ocrx_word' id='word_1_195' title='bbox 270 2830 330 2886; x_wconf 83' lang='lat' dir='ltr'><strong>XL.</strong></span> <span class='ocrx_word' id='word_1_196' title='bbox 353 2825 404 2886; x_wconf 85' lang='lat'><strong>95.</strong></span> <span class='ocrx_word' id='word_1_197' title='bbox 427 2828 640 2884; x_wconf 87' lang='lat' dir='ltr'><strong>Contemnamus</strong></span> <span class='ocrx_word' id='word_1_198' title='bbox 661 2827 745 2899; x_wconf 83' lang='lat' dir='ltr'><strong>igitur</strong></span> <span class='ocrx_word' id='word_1_199' title='bbox 767 2844 863 2884; x_wconf 86' lang='lat' dir='ltr'><strong>omnes</strong></span> <span class='ocrx_word' id='word_1_200' title='bbox 886 2827 1001 2899; x_wconf 87' lang='lat' dir='ltr'><strong>ineptias</strong></span> <span class='ocrx_word' id='word_1_201' title='bbox 1024 2828 1124 2901; x_wconf 86' lang='lat' dir='ltr'><strong>(quod</strong></span> <span class='ocrx_word' id='word_1_202' title='bbox 1147 2827 1222 2885; x_wconf 89' lang='lat' dir='ltr'><strong>enim</strong></span> 
     </span>
     <span class='ocr_line' id='line_1_25' title="bbox 185 2927 1222 3010; baseline -0.001 -18"><span class='ocrx_word' id='word_1_203' title='bbox 185 2936 276 2992; x_wconf 91' lang='lat' dir='ltr'><strong>leuius</strong></span> <span class='ocrx_word' id='word_1_204' title='bbox 299 2929 363 2993; x_wconf 90' lang='lat' dir='ltr'><strong>buic</strong></span> <span class='ocrx_word' id='word_1_205' title='bbox 384 2935 488 2992; x_wconf 89' lang='lat' dir='ltr'><strong>leuitati</strong></span> <span class='ocrx_word' id='word_1_206' title='bbox 512 2951 615 2991; x_wconf 90' lang='lat' dir='ltr'><strong>nomen</strong></span> <span class='ocrx_word' id='word_1_207' title='bbox 636 2927 821 3010; x_wconf 85' lang='lat' dir='ltr'><strong>imponam&#39;l)</strong></span> <span class='ocrx_word' id='word_1_208' title='bbox 842 2939 982 3006; x_wconf 89' lang='lat' dir='ltr'><strong>totamque</strong></span> <span class='ocrx_word' id='word_1_209' title='bbox 1003 2934 1062 2990; x_wconf 93' lang='lat' dir='ltr'><strong>uim</strong></span> <span class='ocrx_word' id='word_1_210' title='bbox 1083 2935 1155 2991; x_wconf 88' lang='lat' dir='ltr'><strong>bene</strong></span> <span class='ocrx_word' id='word_1_211' title='bbox 1176 2935 1222 2992; x_wconf 91' lang='lat' dir='ltr'><strong>ui·</strong></span> 
     </span>
     <span class='ocr_line' id='line_1_26' title="bbox 184 3040 1222 3113; baseline 0 -14"><span class='ocrx_word' id='word_1_212' title='bbox 184 3043 269 3099; x_wconf 87' lang='lat' dir='ltr'><strong>uendi</strong></span> <span class='ocrx_word' id='word_1_213' title='bbox 295 3043 430 3101; x_wconf 88' lang='lat' dir='ltr'><strong>inanimi</strong></span> <span class='ocrx_word' id='word_1_214' title='bbox 457 3043 559 3098; x_wconf 92' lang='lat' dir='ltr'><strong>robore</strong></span> <span class='ocrx_word' id='word_1_215' title='bbox 586 3058 618 3099; x_wconf 90' lang='lat' dir='ltr'><strong>ac</strong></span> <span class='ocrx_word' id='word_1_216' title='bbox 645 3040 834 3113; x_wconf 85' lang='lat' dir='ltr'><strong>magnitudine</strong></span> <span class='ocrx_word' id='word_1_217' title='bbox 863 3047 889 3098; x_wconf 92' lang='lat' dir='ltr'><strong>et</strong></span> <span class='ocrx_word' id='word_1_218' title='bbox 919 3041 948 3097; x_wconf 92' lang='lat' dir='ltr'><strong>in</strong></span> <span class='ocrx_word' id='word_1_219' title='bbox 977 3041 1100 3098; x_wconf 85' lang='lat' dir='ltr'><strong>omniurn</strong></span> <span class='ocrx_word' id='word_1_220' title='bbox 1127 3059 1222 3099; x_wconf 91' lang='lat' dir='ltr'><strong>rerum</strong></span> 
     </span>
     <span class='ocr_line' id='line_1_27' title="bbox 172 3148 1222 3222; baseline -0.001 -15"><span class='ocrx_word' id='word_1_221' title='bbox 172 3150 366 3210; x_wconf 78' lang='lat' dir='ltr'><strong>,humanarum</strong></span> <span class='ocrx_word' id='word_1_222' title='bbox 395 3149 599 3222; x_wconf 85' lang='lat' dir='ltr'><strong>contemptione</strong></span> <span class='ocrx_word' id='word_1_223' title='bbox 632 3166 663 3206; x_wconf 91' lang='lat' dir='ltr'><strong>ac</strong></span> <span class='ocrx_word' id='word_1_224' title='bbox 691 3148 869 3221; x_wconf 88' lang='lat' dir='ltr'><strong>despicientia</strong></span> <span class='ocrx_word' id='word_1_225' title='bbox 896 3156 924 3206; x_wconf 90' lang='lat' dir='ltr'><strong>et</strong></span> <span class='ocrx_word' id='word_1_226' title='bbox 950 3149 978 3205; x_wconf 92' lang='lat' dir='ltr'><strong>in</strong></span> <span class='ocrx_word' id='word_1_227' title='bbox 1010 3149 1086 3205; x_wconf 92' lang='lat' dir='ltr'><strong>omni</strong></span> <span class='ocrx_word' id='word_1_228' title='bbox 1119 3150 1222 3206; x_wconf 89' lang='lat' dir='ltr'><strong>uirtute</strong></span> 
     </span>
     <span class='ocr_line' id='line_1_28' title="bbox 185 3255 1222 3332; baseline -0.001 -19"><span class='ocrx_word' id='word_1_229' title='bbox 185 3274 330 3332; x_wconf 88' lang='lat' dir='ltr'><strong>ponamus.</strong></span> <span class='ocrx_word' id='word_1_230' title='bbox 373 3259 445 3314; x_wconf 91' lang='lat' dir='ltr'><strong>Nam</strong></span> <span class='ocrx_word' id='word_1_231' title='bbox 473 3274 546 3314; x_wconf 91' lang='lat' dir='ltr'><strong>nuuc</strong></span> <span class='ocrx_word' id='word_1_232' title='bbox 565 3257 686 3330; x_wconf 80' lang='lat' dir='ltr'><strong>¹quidem</strong></span> <span class='ocrx_word' id='word_1_233' title='bbox 714 3257 927 3329; x_wconf 79' lang='lat' dir='ltr'><strong>cogitationibus</strong></span> <span class='ocrx_word' id='word_1_234' title='bbox 956 3255 1129 3312; x_wconf 87' lang='lat' dir='ltr'><strong>mollissimis</strong></span> <span class='ocrx_word' id='word_1_235' title='bbox 1152 3256 1222 3312; x_wconf 81' lang='lat' dir='ltr'><strong>etle-</strong></span> 
     </span>
     <span class='ocr_line' id='line_1_29' title="bbox 185 3364 1221 3440; baseline -0.003 -19"><span class='ocrx_word' id='word_1_236' title='bbox 185 3366 335 3438; x_wconf 85' lang='lat' dir='ltr'><strong>minamur‚</strong></span> <span class='ocrx_word' id='word_1_237' title='bbox 357 3370 402 3440; x_wconf 83' lang='lat' dir='ltr'><strong>ut,</strong></span> <span class='ocrx_word' id='word_1_238' title='bbox 431 3365 455 3422; x_wconf 92' lang='lat' dir='ltr'><strong>si</strong></span> <span class='ocrx_word' id='word_1_239' title='bbox 476 3371 539 3421; x_wconf 88' lang='lat' dir='ltr'><strong>ante</strong></span> <span class='ocrx_word' id='word_1_240' title='bbox 560 3380 636 3420; x_wconf 89' lang='lat' dir='ltr'><strong>mors</strong></span> <span class='ocrx_word' id='word_1_241' title='bbox 658 3364 801 3438; x_wconf 75' lang='lat' dir='ltr'><strong>aduente,</strong></span> <span class='ocrx_word' id='word_1_242' title='bbox 824 3381 907 3437; x_wconf 61' lang='lat' dir='ltr'><strong>wem</strong></span> <span class='ocrx_word' id='word_1_243' title='bbox 929 3364 1131 3421; x_wconf 89' lang='lat' dir='ltr'><strong>Chaldaeorum</strong></span> <span class='ocrx_word' id='word_1_244' title='bbox 1153 3379 1221 3436; x_wconf 91' lang='lat' dir='ltr'><strong>pro-</strong></span> 
     </span>
     <span class='ocr_line' id='line_1_30' title="bbox 185 3470 1221 3546; baseline -0.002 -16"><span class='ocrx_word' id='word_1_245' title='bbox 185 3473 271 3530; x_wconf 91' lang='lat' dir='ltr'><strong>missa</strong></span> <span class='ocrx_word' id='word_1_246' title='bbox 291 3472 432 3531; x_wconf 84' lang='lat' dir='ltr'><strong>consecuti</strong></span> <span class='ocrx_word' id='word_1_247' title='bbox 453 3488 560 3546; x_wconf 86' lang='lat' dir='ltr'><strong>sumus,</strong></span> <span class='ocrx_word' id='word_1_248' title='bbox 583 3471 692 3545; x_wconf 89' lang='lat' dir='ltr'><strong>spoliati</strong></span> <span class='ocrx_word' id='word_1_249' title='bbox 713 3471 821 3544; x_wconf 83' lang='lat' dir='ltr'><strong>magnis</strong></span> <span class='ocrx_word' id='word_1_250' title='bbox 842 3471 1008 3544; x_wconf 89' lang='lat' dir='ltr'><strong>quibusdam</strong></span> <span class='ocrx_word' id='word_1_251' title='bbox 1031 3471 1122 3542; x_wconf 78' lang='lat' dir='ltr'><strong>bonis,</strong></span> <span class='ocrx_word' id='word_1_252' title='bbox 1143 3470 1221 3528; x_wconf 87' lang='lat' dir='ltr'><strong>illusi</strong></span> 
     </span>
    </p>
   </div>
   <div class='ocr_carea' id='block_1_5' title="bbox 154 3676 1220 3852">
    <p class='ocr_par' dir='ltr' id='par_1_8' title="bbox 154 3676 1220 3852">
     <span class='ocr_line' id='line_1_31' title="bbox 154 3676 1220 3770; baseline -0.001 -17"><span class='ocrx_word' id='word_1_253' title='bbox 154 3733 166 3747; x_wconf 57' lang='grc' dir='ltr'><em>ι</em></span> <span class='ocrx_word' id='word_1_254' title='bbox 254 3676 289 3753; x_wconf 76' lang='lat' dir='ltr'><strong>At</strong></span> <span class='ocrx_word' id='word_1_255' title='bbox 306 3702 348 3770; x_wconf 87' lang='lat' dir='ltr'><strong>id)</strong></span> <span class='ocrx_word' id='word_1_256' title='bbox 358 3705 388 3754; x_wconf 92' lang='lat' dir='ltr'><strong>ad</strong></span> <span class='ocrx_word' id='word_1_257' title='bbox 399 3705 424 3754; x_wconf 92' lang='lat' dir='ltr'><strong>id</strong></span> <span class='ocrx_word' id='word_1_258' title='bbox 435 3705 466 3754; x_wconf 81' lang='lat' dir='ltr'><strong>u.</strong></span> <span class='ocrx_word' id='word_1_259' title='bbox 503 3702 773 3770; x_wconf 82' lang='lat' dir='ltr'><strong>[ipsumDstoeunets</strong></span> <span class='ocrx_word' id='word_1_260' title='bbox 783 3703 816 3755; x_wconf 91' lang='grc' dir='ltr'><strong>Ο.</strong></span> <span class='ocrx_word' id='word_1_261' title='bbox 845 3703 1037 3764; x_wconf 77' lang='lat' dir='ltr'><strong>exectalctacta</strong></span> <span class='ocrx_word' id='word_1_262' title='bbox 1046 3704 1079 3754; x_wconf 79' lang='lat' dir='ltr'><strong>R.</strong></span> <span class='ocrx_word' id='word_1_263' title='bbox 1113 3701 1220 3753; x_wconf 83' lang='lat' dir='ltr'><strong>94.non</strong></span> 
     </span>
     <span class='ocr_line' id='line_1_32' title="bbox 188 3787 1220 3852; baseline 0.002 -16"><span class='ocrx_word' id='word_1_264' title='bbox 188 3787 269 3852; x_wconf 84' lang='lat' dir='ltr'><strong>ullis)</strong></span> <span class='ocrx_word' id='word_1_265' title='bbox 295 3791 373 3838; x_wconf 91' lang='lat' dir='ltr'><strong>nullis</strong></span> <span class='ocrx_word' id='word_1_266' title='bbox 394 3790 426 3838; x_wconf 83' lang='lat' dir='ltr'><strong>R.</strong></span> <span class='ocrx_word' id='word_1_267' title='bbox 462 3790 530 3839; x_wconf 70' lang='lat' dir='ltr'><strong>einim</strong></span> <span class='ocrx_word' id='word_1_268' title='bbox 556 3791 611 3848; x_wconf 79' lang='lat' dir='ltr'><strong>est)</strong></span> <span class='ocrx_word' id='word_1_269' title='bbox 634 3795 673 3839; x_wconf 91' lang='lat' dir='ltr'><strong>est</strong></span> <span class='ocrx_word' id='word_1_270' title='bbox 690 3792 757 3839; x_wconf 88' lang='lat' dir='ltr'><strong>enim</strong></span> <span class='ocrx_word' id='word_1_271' title='bbox 777 3789 809 3839; x_wconf 92' lang='lat'><strong>0.</strong></span> <span class='ocrx_word' id='word_1_272' title='bbox 847 3788 964 3851; x_wconf 85' lang='lat' dir='ltr'><strong>bomini)</strong></span> <span class='ocrx_word' id='word_1_273' title='bbox 987 3789 1148 3839; x_wconf 84' lang='lat' dir='ltr'><strong>bominisll.</strong></span> <span class='ocrx_word' id='word_1_274' title='bbox 1185 3789 1220 3838; x_wconf 83' lang='lat' dir='ltr'><strong>ita</strong></span> 
     </span>
    </p>
   </div>
   <div class='ocr_carea' id='block_1_6' title="bbox 186 3871 1222 4177">
    <p class='ocr_par' dir='ltr' id='par_1_9' title="bbox 186 3871 1222 4177">
     <span class='ocr_line' id='line_1_33' title="bbox 188 3871 1219 3936; baseline -0.001 -13"><span class='ocrx_word' id='word_1_275' title='bbox 188 3878 232 3923; x_wconf 91' lang='lat' dir='ltr'><strong>aut</strong></span> <span class='ocrx_word' id='word_1_276' title='bbox 244 3874 419 3934; x_wconf 58' lang='lat' dir='ltr'><strong>longanum</strong></span> <span class='ocrx_word' id='word_1_277' title='bbox 438 3875 511 3935; x_wconf 80' lang='lat' dir='ltr'><strong>longe</strong></span> <span class='ocrx_word' id='word_1_278' title='bbox 521 3875 553 3924; x_wconf 84' lang='lat' dir='ltr'><strong>ll.</strong></span> <span class='ocrx_word' id='word_1_279' title='bbox 589 3876 622 3923; x_wconf 85' lang='lat' dir='ltr'><strong>itu</strong></span> <span class='ocrx_word' id='word_1_280' title='bbox 640 3875 713 3936; x_wconf 80' lang='lat' dir='ltr'><strong>longa</strong></span> <span class='ocrx_word' id='word_1_281' title='bbox 725 3875 756 3925; x_wconf 92' lang='lat'><strong>0.</strong></span> <span class='ocrx_word' id='word_1_282' title='bbox 787 3871 1033 3936; x_wconf 83' lang='lat' dir='ltr'><strong>eonter)cootertlt.</strong></span> <span class='ocrx_word' id='word_1_283' title='bbox 1068 3873 1110 3923; x_wconf 85' lang='lat'><strong>95.</strong></span> <span class='ocrx_word' id='word_1_284' title='bbox 1121 3873 1219 3935; x_wconf 87' lang='lat' dir='ltr'><strong>leuius)</strong></span> 
     </span>
     <span class='ocr_line' id='line_1_34' title="bbox 187 3955 1221 4023; baseline 0.005 -19"><span class='ocrx_word' id='word_1_285' title='bbox 187 3957 270 4005; x_wconf 84' lang='lat' dir='ltr'><strong>lenius</strong></span> <span class='ocrx_word' id='word_1_286' title='bbox 294 3955 325 4006; x_wconf 87' lang='lat'><strong>0.</strong></span> <span class='ocrx_word' id='word_1_287' title='bbox 360 3957 545 4020; x_wconf 83' lang='lat' dir='ltr'><strong>humanarum)</strong></span> <span class='ocrx_word' id='word_1_288' title='bbox 563 3972 614 4008; x_wconf 86' lang='lat' dir='ltr'><strong>om.</strong></span> <span class='ocrx_word' id='word_1_289' title='bbox 633 3958 699 4008; x_wconf 70' lang='lat' dir='ltr'><strong>Note</strong></span> <span class='ocrx_word' id='word_1_290' title='bbox 715 3973 743 4023; x_wconf 89' lang='lat' dir='ltr'><strong>p.</strong></span> <span class='ocrx_word' id='word_1_291' title='bbox 760 3956 833 4010; x_wconf 67' lang='grc' dir='ltr'><strong>ΜΒ.</strong></span> <span class='ocrx_word' id='word_1_292' title='bbox 851 3964 876 4008; x_wconf 89' lang='lat' dir='ltr'><strong>et</strong></span> <span class='ocrx_word' id='word_1_293' title='bbox 893 3957 938 4016; x_wconf 75' lang='lat' dir='ltr'><strong>in)</strong></span> <span class='ocrx_word' id='word_1_294' title='bbox 961 3959 987 4007; x_wconf 88' lang='lat' dir='ltr'><strong>lu</strong></span> <span class='ocrx_word' id='word_1_295' title='bbox 1005 3959 1072 4008; x_wconf 80' lang='lat' dir='ltr'><strong>Neo.</strong></span> <span class='ocrx_word' id='word_1_296' title='bbox 1091 3959 1108 4008; x_wconf 82' lang='lat' dir='ltr'><strong>t.</strong></span> <span class='ocrx_word' id='word_1_297' title='bbox 1127 3958 1144 4008; x_wconf 82' lang='lat'><strong>1.</strong></span> <span class='ocrx_word' id='word_1_298' title='bbox 1172 3972 1221 4021; x_wconf 84' lang='lat' dir='ltr'><strong>po-</strong></span> 
     </span>
     <span class='ocr_line' id='line_1_35' title="bbox 186 4040 1222 4108; baseline 0.001 -19"><span class='ocrx_word' id='word_1_299' title='bbox 186 4041 289 4103; x_wconf 87' lang='lat' dir='ltr'><strong>nemus)</strong></span> <span class='ocrx_word' id='word_1_300' title='bbox 308 4054 333 4103; x_wconf 82' lang='lat' dir='ltr'><strong>p.</strong></span> <span class='ocrx_word' id='word_1_301' title='bbox 348 4043 421 4092; x_wconf 78' lang='lat' dir='ltr'><strong>iussu</strong></span> <span class='ocrx_word' id='word_1_302' title='bbox 438 4043 640 4105; x_wconf 59' lang='lat' dir='ltr'><strong>numerumn·</strong></span> <span class='ocrx_word' id='word_1_303' title='bbox 831 4040 1090 4098; x_wconf 55' lang='lat' dir='ltr'><strong>*luctaminum</strong></span> <span class='ocrx_word' id='word_1_304' title='bbox 1116 4043 1222 4108; x_wconf 80' lang='lat' dir='ltr'><strong>choto.)</strong></span> 
     </span>
     <span class='ocr_line' id='line_1_36' title="bbox 187 4124 431 4177; baseline 0.004 -1"><span class='ocrx_word' id='word_1_305' title='bbox 187 4127 299 4177; x_wconf 84' lang='lat' dir='ltr'><strong>Caldll.</strong></span> <span class='ocrx_word' id='word_1_306' title='bbox 333 4124 431 4177; x_wconf 51' lang='lat' dir='ltr'><strong>sumrl&#39;</strong></span> 
     </span>
    </p>
   </div>
   <div class='ocr_carea' id='block_1_7' title="bbox 0 0 1310 4634">
    <p class='ocr_par' dir='ltr' id='par_1_10' title="bbox 0 0 1310 4634">
     <span class='ocr_line' id='line_1_37' title="bbox 0 0 1310 4634; baseline 0 0"><span class='ocrx_word' id='word_1_307' title='bbox 0 0 1310 4634; x_wconf 95' lang='lat' dir='ltr'><strong> </strong></span> 
     </span>
    </p>
   </div>
  </div>
 </body>
</html>
