2610 4634
378 310 383 322 ·
448 288 527 339 ura.
550 279 585 341 v,
629 290 709 336 cnr.
730 274 867 338 28-30.
1118 277 1179 340 tlt

142 497 256 554 semper
276 479 334 538 uita
355 481 434 538 beata
457 480 599 553 sapientis.
642 480 755 555 Habes,
776 496 849 554 quae
870 435 1034 583 lortimime',
1042 483 1078 538 de
1099 480 1181 569 beata

141 588 200 645 uita
221 586 278 645 dici
299 592 394 658 putem
419 595 463 661 et,
491 605 548 662 quo
576 588 662 646 modo
683 604 759 644 nuuc
778 593 837 662 est,
864 586 918 644 nisi
940 587 1008 662 quid
1029 594 1058 645 tu
1079 587 1181 647 melius

140 694 277 768 attuleris,
299 694 382 750 mam
404 694 561 752 uerissime.

225 800 334 857 XXlX.
356 800 515 859 leuterius
537 800 667 873 equidem
688 800 788 860 atlorre
809 800 878 857 nitril
890 817 1023 875 possum3
1044 801 1096 858 sed
1115 818 1133 857 a
1153 806 1181 858 ta

138 905 311 978 impetrarim
323 905 451 980 libenter,
466 912 506 979 ut,
517 904 572 963 nisi
582 907 732 963 molestum
745 905 781 963 sit
803 907 951 979 (quoniam
971 913 999 964 te
1018 908 1096 964 nulla
1116 907 1180 964 uin·
1254 975 1261 991 ·

138 1012 203 1070 cula
223 1011 380 1084 impediunt
400 1012 485 1069 ullius
507 1018 597 1069 certae
619 1011 800 1086 disciplinae,
832 1013 960 1087 libasque
982 1031 1017 1071 ex
1038 1014 1180 1088 omnibus,
1279 1072 1283 1081 ,

138 1118 325 1190 quodcunque
347 1126 374 1174 te
395 1118 515 1175 maxime
532 1118 625 1190 specie
636 1118 759 1176 ueritatis
774 1121 895 1193 mouet),
918 1121 994 1194 qnod
1010 1122 1107 1194 paullo
1118 1127 1179 1178 ante

140 1223 338 1296 Peripateticos
361 1231 539 1296 ueteremque
566 1224 747 1292 Academiam
768 1225 872 1282 hortari
894 1225 1044 1299 uidebare,
1066 1233 1097 1284 ut
1119 1227 1179 1284 sine

139 1330 331 1387 retractatione
342 1330 431 1388 libere
442 1330 536 1387 dicere
552 1331 687 1388 auderent
701 1331 839 1403 sapientes
861 1347 923 1388 esse
946 1349 1056 1406 semper
1076 1333 1180 1391 beatis·

141 1435 246 1509 simos3
270 1436 299 1492 id
320 1436 407 1494 uelim
429 1437 537 1508 audire,
560 1437 794 1510 quemadmodum
815 1437 850 1494 iis
872 1443 952 1510 putes
966 1443 1180 1496 consentaneum

140 1557 206 1598 esse
227 1542 257 1598 id
279 1543 390 1616 dicere3
413 1543 500 1599 mulla
522 1543 595 1600 enim
618 1561 634 1600 a
656 1550 683 1600 te
703 1550 800 1601 contra
820 1544 902 1601 istam
923 1546 1086 1601 sententiam
1107 1546 1179 1602 dicta

138 1655 252 1705 suntet
275 1649 432 1706 Stoicorum
454 1649 560 1706 ratione
583 1651 722 1706 conclusa.
763 1648 815 1709 83.
837 1652 877 1709 Μ.
902 1651 1017 1709 Utamur
1038 1650 1123 1722 igitur
1143 1651 1178 1708 li·

139 1754 261 1828 hertate,
278 1737 339 1829 'qua
359 1756 441 1812 nobis
464 1757 532 1813 solis
554 1756 584 1812 in
606 1755 785 1828 philosophia
806 1756 871 1814 licet
891 1756 949 1830 uti,
971 1774 1093 1831 quorum
1114 1775 1178 1815 ora-

138 1860 178 1916 tio
199 1860 269 1917 nihil
291 1860 352 1933 ipsu
374 1861 485 1938 iudicat,
508 1865 558 1919 sed
580 1862 697 1919 liabetur
717 1863 746 1919 in
760 1880 856 1920 omnes
878 1868 981 1936 partes,
1004 1867 1034 1920 ut
1055 1865 1091 1921 ab
1113 1863 1177 1921 aliis

138 1967 228 2038 possit
254 1967 314 2039 ipsa
341 1983 393 2040 per
425 1984 487 2024 sese
516 1969 621 2044 npllius
643 1969 803 2026 auctoritate
824 1970 952 2028 adiuncta
973 1969 1099 2027 iudicari.
1141 1971 1179 2028 Et

136 2073 271 2146 quoniam
292 2073 397 2131 uideris
420 2074 474 2130 troc
496 2076 579 2150 uelle,
603 2083 643 2151 ut,
666 2092 848 2150 quaecunque
870 2076 1091 2134 dissentientium
1113 2076 1178 2150 phi·

137 2180 323 2252 losoplrorum
344 2180 478 2238 sententia
500 2182 537 2239 sit
558 2182 593 2239 de
614 2183 735 2257 sinibus,
765 2190 863 2238 tamen
878 2182 965 2239 uirtus
988 2182 1053 2239 satia
1076 2183 1179 2240 lrabeat

137 2285 174 2342 ad
195 2284 281 2343 uitam
303 2288 411 2348 beatam
433 2288 572 2362 praesidi,
602 2289 680 2362 quod
707 2289 829 2361 quidem·
842 2288 1014 2345 Carneadem
1036 2289 1178 2361 disputare

139 2393 253 2449 solitum
279 2395 454 2468 accepimus;
483 2396 533 2451 sed
561 2396 600 2470 is,
622 2401 768 2458 utcontra
790 2395 915 2469 Stoicos,
937 2411 1008 2469 quos
1031 2395 1177 2454 studiosis-

138 2498 209 2556 sime
231 2516 343 2572 semper
363 2500 519 2574 refellebat,
541 2507 674 2558 etcontra
696 2518 816 2575 quorum
835 2501 1012 2573 disciplinam
1033 2478 1177 2573 ingenium

136 2604 198 2661 eius
227 2611 383 2678 exarserat;
410 2622 462 2663 nos
494 2607 564 2663 illud
591 2607 667 2664 idem
694 2624 757 2665 cum
779 2625 847 2680 pace
873 2623 999 2679 agemus.
1049 2609 1081 2665 Si
1102 2607 1177 2665 enim

137 2711 225 2769 Stoici
246 2713 316 2769 fines
337 2711 479 2770 honorum
500 2720 575 2770 recte
588 2721 751 2789 posuerunt,
773 2714 897 2770 contecta
917 2715 965 2770 res
986 2719 1043 2788 cst;
1062 2715 1176 2772 necesse

137 2823 181 2874 est
202 2834 313 2891 semper
334 2819 446 2877 boatum
468 2822 531 2876 esse
553 2820 713 2893 sapientem.
756 2818 808 2880 84.
827 2820 884 2877 Sed
895 2836 1060 2894 quaeramus
1070 2822 1175 2879 'unam-

136 2941 275 2998 quamque
297 2924 470 2998 reliquorum
499 2927 678 3000 sententiam,
711 2926 735 2983 si
756 2927 816 2985 lteri
838 2933 943 3010 potest,
965 2933 996 2983 ut
1017 2927 1071 2985 hoc
1091 2945 1175 3001 prae·

136 3032 242 3088 clarum
270 3031 350 3104 quasi
382 3032 524 3090 decretum
555 3035 651 3091 heatae
672 3033 746 3091 uitae
767 3033 856 3106 possit
884 3033 1011 3091 omnium
1032 3034 1175 3093 sententiis

134 3142 163 3194 et
183 3136 338 3210 disciplinis
362 3136 522 3198 conuenire.
709 3141 711 3145 ’

219 3243 312 3300 XXX.
336 3245 407 3302 Sunt
428 3252 521 3302 autem
542 3246 594 3303 lrae
615 3247 651 3304 de
669 3247 783 3322 tinibus,
804 3255 835 3305 ut
847 3248 957 3321 opinor,
980 3255 1102 3308 retentae
1116 3249 1173 3306 'de-

134 3347 286 3422 fensaeque
314 3334 483 3425 sententiam
505 3352 624 3425 primum
647 3353 788 3427 simplices
801 3354 952 3428 ¹quattuorz
975 3354 1045 3410 nihil
1067 3354 1172 3411 bonum

132 3453 187 3511 nisi
199 3453 357 3530 horedum,
370 3463 400 3514 ut
411 3457 513 3531 Stoiei3
535 3455 606 3516 nilril
626 3460 732 3516 honum
753 3457 808 3516 nisi
830 3461 1010 3535 uoluptatem,
1021 3467 1051 3519 ut
1064 3460 1173 3533 Epicu·

133 3576 198 3636 rus,
219 3562 289 3619 nihil
310 3563 417 3622 honum
438 3564 495 3623 nisi
515 3564 683 3627 uacuitatem
698 3567 815 3641 doloris,
828 3573 859 3626 ut
872 3567 1080 3641 Hieronymum
1101 3564 1172 3623 nihil

200 3795 303 3847 semper
319 3785 373 3835 ulta
391 3784 482 3847 beata)
499 3797 522 3836 s.
539 3787 565 3838 b.
584 3798 610 3838 u.
626 3786 657 3838 Ρ.
699 3785 754 3850 sit)
771 3801 820 3836 om.
838 3786 867 3835 Ρ.
910 3783 1012 3852 ullius)
1030 3785 1101 3836 illius
1117 3785 1171 3836 ltu.

130 3866 325 3931 retractatione)
349 3871 500 3921 retractione
520 3870 551 3920 P.
602 3871 706 3936 dicere)
727 3872 841 3922 dicerent
863 3871 917 3920 ΒΡ.
952 3868 1006 3933 iis)
1029 3870 1070 3920 tris
1093 3869 1171 3920 neo.

86 3952 88 3954 ’
130 3948 174 4003 83.
192 3951 319 4016 praesidi)
335 3965 387 4002 oor.
403 3953 433 4004 Ρ.
477 3955 620 4020 exarserat)
641 3961 767 4006 exasserat
786 3956 820 4006 ll.
864 3953 954 4020 idem)
970 3954 1075 4017 quidem
1091 3953 1161 4004 ltro

128 4033 287 4101 posuerunt)
303 4037 430 4099 possiuer'
446 4037 503 4091 BP.-
535 4037 579 4095 st.
596 4036 888 4102 sensumsensurn
905 4039 937 4090 ll.
971 4038 1031 4104 trae)
1049 4039 1097 4089 trec
1113 4037 1167 4088 ΒΡ.

131 4115 243 4184 doloris)
258 4132 310 4174 oss.
327 4120 381 4171 tm.
473 4171 476 4175 .

909 4223 955 4275 12·
