<?xml version="1.0" encoding="UTF-8"?>
<!DOCTYPE html PUBLIC "-//W3C//DTD XHTML 1.0 Transitional//EN"
    "http://www.w3.org/TR/xhtml1/DTD/xhtml1-transitional.dtd">
<html xmlns="http://www.w3.org/1999/xhtml" xml:lang="en" lang="en">
 <head>
  <title>
</title>
<meta http-equiv="Content-Type" content="text/html;charset=utf-8" />
  <meta name='ocr-system' content='tesseract 3.04.00' />
  <meta name='ocr-capabilities' content='ocr_page ocr_carea ocr_par ocr_line ocrx_word'/>
</head>
<body>
  <div class='ocr_page' id='page_1' title='image "./tusculanarumdis00treggoog_0186.png"; bbox 0 0 2610 4634; ppageno 0'>
   <div class='ocr_carea' id='block_1_1' title="bbox 463 295 1172 359">
    <p class='ocr_par' dir='ltr' id='par_1_1' title="bbox 463 295 1172 359">
     <span class='ocr_line' id='line_1_1' title="bbox 463 295 1172 359; baseline 0.001 -1"><span class='ocrx_word' id='word_1_1' title='bbox 463 310 541 358; x_wconf 78' lang='lat' dir='ltr'>cin.</span> <span class='ocrx_word' id='word_1_2' title='bbox 565 299 600 356; x_wconf 90' lang='lat' dir='ltr'>V.</span> <span class='ocrx_word' id='word_1_3' title='bbox 643 312 727 356; x_wconf 81' lang='lat' dir='ltr'>car.</span> <span class='ocrx_word' id='word_1_4' title='bbox 748 296 843 358; x_wconf 80' lang='grc'><strong>6-7.</strong></span> <span class='ocrx_word' id='word_1_5' title='bbox 1111 295 1172 359; x_wconf 71' lang='lat' dir='ltr'>lou</span> 
     </span>
    </p>
   </div>
   <div class='ocr_carea' id='block_1_2' title="bbox 131 499 1173 1431">
    <p class='ocr_par' dir='ltr' id='par_1_2' title="bbox 131 499 1173 1431">
     <span class='ocr_line' id='line_1_2' title="bbox 133 499 1171 577; baseline -0.003 -15"><span class='ocrx_word' id='word_1_6' title='bbox 133 504 305 577; x_wconf 80' lang='lat' dir='ltr'>relinquunt</span> <span class='ocrx_word' id='word_1_7' title='bbox 353 500 422 571; x_wconf 84' lang='lat' dir='ltr'>Quis</span> <span class='ocrx_word' id='word_1_8' title='bbox 449 499 525 557; x_wconf 90' lang='lat' dir='ltr'>euim</span> <span class='ocrx_word' id='word_1_9' title='bbox 552 506 645 573; x_wconf 88' lang='lat' dir='ltr'>potest</span> <span class='ocrx_word' id='word_1_10' title='bbox 665 507 784 558; x_wconf 89' lang='lat' dir='ltr'>mortem</span> <span class='ocrx_word' id='word_1_11' title='bbox 811 506 859 559; x_wconf 88' lang='lat' dir='ltr'>aut</span> <span class='ocrx_word' id='word_1_12' title='bbox 885 501 1013 559; x_wconf 89' lang='lat' dir='ltr'>dolorem</span> <span class='ocrx_word' id='word_1_13' title='bbox 1034 507 1171 576; x_wconf 82' lang='lat' dir='ltr'>metuens,</span> 
     </span>
     <span class='ocr_line' id='line_1_3' title="bbox 133 607 1172 686; baseline -0.001 -18"><span class='ocrx_word' id='word_1_14' title='bbox 133 626 255 686; x_wconf 91' lang='lat' dir='ltr'>quorum</span> <span class='ocrx_word' id='word_1_15' title='bbox 277 610 394 665; x_wconf 89' lang='lat' dir='ltr'>alterum</span> <span class='ocrx_word' id='word_1_16' title='bbox 417 624 500 680; x_wconf 90' lang='lat' dir='ltr'>saepe</span> <span class='ocrx_word' id='word_1_17' title='bbox 521 607 617 681; x_wconf 88' lang='lat' dir='ltr'>adest,</span> <span class='ocrx_word' id='word_1_18' title='bbox 639 610 756 664; x_wconf 87' lang='lat' dir='ltr'>alterum</span> <span class='ocrx_word' id='word_1_19' title='bbox 783 624 896 680; x_wconf 83' lang='lat' dir='ltr'>semper</span> <span class='ocrx_word' id='word_1_20' title='bbox 921 607 1080 682; x_wconf 89' lang='lat' dir='ltr'>impendet,</span> <span class='ocrx_word' id='word_1_21' title='bbox 1109 625 1172 667; x_wconf 87' lang='lat' dir='ltr'>esse</span> 
     </span>
     <span class='ocr_line' id='line_1_4' title="bbox 133 712 1171 791; baseline -0.001 -17"><span class='ocrx_word' id='word_1_22' title='bbox 133 734 190 775; x_wconf 91' lang='lat' dir='ltr'>non</span> <span class='ocrx_word' id='word_1_23' title='bbox 212 713 320 773; x_wconf 78' lang='lat' dir='ltr'>miser?</span> <span class='ocrx_word' id='word_1_24' title='bbox 342 712 441 784; x_wconf 80' lang='lat' dir='ltr'>Quid?</span> <span class='ocrx_word' id='word_1_25' title='bbox 464 714 488 771; x_wconf 91' lang='lat' dir='ltr'>si</span> <span class='ocrx_word' id='word_1_26' title='bbox 510 714 586 771; x_wconf 90' lang='lat' dir='ltr'>idem</span> <span class='ocrx_word' id='word_1_27' title='bbox 608 715 696 788; x_wconf 86' lang='lat' dir='ltr'>(quod</span> <span class='ocrx_word' id='word_1_28' title='bbox 718 716 882 789; x_wconf 89' lang='lat' dir='ltr'>plerumque</span> <span class='ocrx_word' id='word_1_29' title='bbox 904 715 949 784; x_wconf 86' lang='lat' dir='ltr'>tlt)</span> <span class='ocrx_word' id='word_1_30' title='bbox 972 721 1171 791; x_wconf 70' lang='lat' dir='ltr'><strong>paupertatem,</strong></span> 
     </span>
     <span class='ocr_line' id='line_1_5' title="bbox 132 821 1171 896; baseline -0.003 -15"><span class='ocrx_word' id='word_1_31' title='bbox 132 822 326 896; x_wconf 80' lang='lat' dir='ltr'>ignominiam,</span> <span class='ocrx_word' id='word_1_32' title='bbox 349 821 491 879; x_wconf 80' lang='lat' dir='ltr'>infamiam</span> <span class='ocrx_word' id='word_1_33' title='bbox 513 822 599 894; x_wconf 88' lang='lat' dir='ltr'>timet,</span> <span class='ocrx_word' id='word_1_34' title='bbox 622 821 645 876; x_wconf 92' lang='lat' dir='ltr'>si</span> <span class='ocrx_word' id='word_1_35' title='bbox 668 821 855 895; x_wconf 88' lang='lat' dir='ltr'>debilitatem,</span> <span class='ocrx_word' id='word_1_36' title='bbox 878 822 1051 896; x_wconf 88' lang='lat' dir='ltr'>caecitatem,</span> <span class='ocrx_word' id='word_1_37' title='bbox 1075 823 1099 879; x_wconf 92' lang='lat' dir='ltr'>si</span> <span class='ocrx_word' id='word_1_38' title='bbox 1121 822 1171 880; x_wconf 90' lang='lat' dir='ltr'>de·</span> 
     </span>
     <span class='ocr_line' id='line_1_6' title="bbox 132 927 1172 1004; baseline -0.001 -17"><span class='ocrx_word' id='word_1_39' title='bbox 132 932 219 1004; x_wconf 92' lang='lat' dir='ltr'>nique</span> <span class='ocrx_word' id='word_1_40' title='bbox 243 930 342 1002; x_wconf 86' lang='lat' dir='ltr'>(quod</span> <span class='ocrx_word' id='word_1_41' title='bbox 369 945 424 985; x_wconf 92' lang='lat' dir='ltr'>non</span> <span class='ocrx_word' id='word_1_42' title='bbox 452 927 569 999; x_wconf 88' lang='lat' dir='ltr'>singulis</span> <span class='ocrx_word' id='word_1_43' title='bbox 598 927 773 1002; x_wconf 91' lang='lat' dir='ltr'>bominibus,</span> <span class='ocrx_word' id='word_1_44' title='bbox 807 930 858 986; x_wconf 88' lang='lat' dir='ltr'>sed</span> <span class='ocrx_word' id='word_1_45' title='bbox 879 929 1038 1001; x_wconf 89' lang='lat' dir='ltr'>potentibus</span> <span class='ocrx_word' id='word_1_46' title='bbox 1059 929 1172 1002; x_wconf 91' lang='lat' dir='ltr'>pupulis</span> 
     </span>
     <span class='ocr_line' id='line_1_7' title="bbox 132 1035 1172 1110; baseline -0.002 -14"><span class='ocrx_word' id='word_1_47' title='bbox 132 1055 219 1110; x_wconf 87' lang='lat' dir='ltr'>saepe</span> <span class='ocrx_word' id='word_1_48' title='bbox 248 1035 378 1108; x_wconf 83' lang='lat' dir='ltr'>contigit)</span> <span class='ocrx_word' id='word_1_49' title='bbox 412 1035 587 1091; x_wconf 76' lang='lat' dir='ltr'>seruitutemz</span> <span class='ocrx_word' id='word_1_50' title='bbox 621 1040 712 1107; x_wconf 89' lang='lat' dir='ltr'>potest</span> <span class='ocrx_word' id='word_1_51' title='bbox 738 1051 772 1092; x_wconf 90' lang='lat' dir='ltr'>ea</span> <span class='ocrx_word' id='word_1_52' title='bbox 800 1036 900 1093; x_wconf 90' lang='lat' dir='ltr'>timeus</span> <span class='ocrx_word' id='word_1_53' title='bbox 928 1052 991 1093; x_wconf 90' lang='lat' dir='ltr'>esse</span> <span class='ocrx_word' id='word_1_54' title='bbox 1024 1036 1172 1110; x_wconf 89' lang='lat' dir='ltr'>quisquam</span> 
     </span>
     <span class='ocr_line' id='line_1_8' title="bbox 131 1138 1173 1216; baseline 0 -16"><span class='ocrx_word' id='word_1_55' title='bbox 131 1141 253 1201; x_wconf 78' lang='lat' dir='ltr'>beatus?</span> <span class='ocrx_word' id='word_1_56' title='bbox 278 1141 326 1202; x_wconf 83' lang='lat' dir='ltr'>tu.</span> <span class='ocrx_word' id='word_1_57' title='bbox 349 1138 448 1212; x_wconf 79' lang='lat' dir='ltr'>Quint</span> <span class='ocrx_word' id='word_1_58' title='bbox 471 1142 520 1214; x_wconf 90' lang='lat' dir='ltr'>qni</span> <span class='ocrx_word' id='word_1_59' title='bbox 542 1158 598 1198; x_wconf 93' lang='lat' dir='ltr'>non</span> <span class='ocrx_word' id='word_1_60' title='bbox 620 1142 704 1198; x_wconf 91' lang='lat' dir='ltr'>modo</span> <span class='ocrx_word' id='word_1_61' title='bbox 727 1158 759 1197; x_wconf 90' lang='lat' dir='ltr'>ea</span> <span class='ocrx_word' id='word_1_62' title='bbox 775 1142 867 1199; x_wconf 85' lang='lat' dir='ltr'>lutura</span> <span class='ocrx_word' id='word_1_63' title='bbox 879 1142 965 1216; x_wconf 88' lang='lat' dir='ltr'>timet,</span> <span class='ocrx_word' id='word_1_64' title='bbox 978 1160 1077 1200; x_wconf 90' lang='lat' dir='ltr'>nerum</span> <span class='ocrx_word' id='word_1_65' title='bbox 1089 1143 1173 1200; x_wconf 91' lang='lat' dir='ltr'>etiam</span> 
     </span>
     <span class='ocr_line' id='line_1_9' title="bbox 132 1248 1172 1324; baseline 0.001 -18"><span class='ocrx_word' id='word_1_66' title='bbox 132 1249 189 1306; x_wconf 79' lang='lat' dir='ltr'>fert</span> <span class='ocrx_word' id='word_1_67' title='bbox 210 1249 381 1322; x_wconf 75' lang='lat' dir='ltr'>sustinetque</span> <span class='ocrx_word' id='word_1_68' title='bbox 404 1248 575 1322; x_wconf 89' lang='lat' dir='ltr'>praesentia,</span> <span class='ocrx_word' id='word_1_69' title='bbox 607 1249 679 1304; x_wconf 89' lang='lat' dir='ltr'>adde</span> <span class='ocrx_word' id='word_1_70' title='bbox 700 1250 800 1305; x_wconf 89' lang='lat' dir='ltr'>eodem</span> <span class='ocrx_word' id='word_1_71' title='bbox 822 1249 921 1324; x_wconf 83' lang='lat' dir='ltr'>exilia,</span> <span class='ocrx_word' id='word_1_72' title='bbox 944 1251 1044 1323; x_wconf 86' lang='lat' dir='ltr'>luctus,</span> <span class='ocrx_word' id='word_1_73' title='bbox 1067 1250 1172 1307; x_wconf 90' lang='lat' dir='ltr'>orbita·</span> 
     </span>
     <span class='ocr_line' id='line_1_10' title="bbox 132 1354 1172 1431; baseline -0.001 -17"><span class='ocrx_word' id='word_1_74' title='bbox 132 1364 192 1431; x_wconf 88' lang='lat' dir='ltr'>tes,</span> <span class='ocrx_word' id='word_1_75' title='bbox 219 1356 268 1428; x_wconf 91' lang='lat' dir='ltr'>qui</span> <span class='ocrx_word' id='word_1_76' title='bbox 290 1356 375 1412; x_wconf 87' lang='lat' dir='ltr'>rebus</span> <span class='ocrx_word' id='word_1_77' title='bbox 397 1355 441 1412; x_wconf 92' lang='lat' dir='ltr'>bis</span> <span class='ocrx_word' id='word_1_78' title='bbox 464 1354 566 1411; x_wconf 81' lang='lat' dir='ltr'>tractus</span> <span class='ocrx_word' id='word_1_79' title='bbox 589 1355 763 1426; x_wconf 80' lang='lat' dir='ltr'>aegritudine</span> <span class='ocrx_word' id='word_1_80' title='bbox 785 1354 912 1428; x_wconf 83' lang='lat' dir='ltr'>eliditur,</span> <span class='ocrx_word' id='word_1_81' title='bbox 942 1362 1033 1428; x_wconf 91' lang='lat' dir='ltr'>potest</span> <span class='ocrx_word' id='word_1_82' title='bbox 1061 1358 1172 1415; x_wconf 85' lang='lat' dir='ltr'>tandem</span> 
     </span>
    </p>
   </div>
   <div class='ocr_carea' id='block_1_3' title="bbox 127 1567 1174 3670">
    <p class='ocr_par' dir='ltr' id='par_1_3' title="bbox 127 1567 1174 3352">
     <span class='ocr_line' id='line_1_11' title="bbox 132 1567 1173 1641; baseline 0.001 -16"><span class='ocrx_word' id='word_1_83' title='bbox 132 1571 303 1626; x_wconf 81' lang='lat' dir='ltr'>flammatum</span> <span class='ocrx_word' id='word_1_84' title='bbox 326 1575 353 1624; x_wconf 88' lang='lat' dir='ltr'>et</span> <span class='ocrx_word' id='word_1_85' title='bbox 375 1569 513 1625; x_wconf 83' lang='lat' dir='ltr'>furentem</span> <span class='ocrx_word' id='word_1_86' title='bbox 534 1567 674 1641; x_wconf 87' lang='lat' dir='ltr'>uidemus,</span> <span class='ocrx_word' id='word_1_87' title='bbox 697 1568 791 1625; x_wconf 91' lang='lat' dir='ltr'>omnia</span> <span class='ocrx_word' id='word_1_88' title='bbox 812 1569 908 1626; x_wconf 85' lang='lat' dir='ltr'>rabide</span> <span class='ocrx_word' id='word_1_89' title='bbox 925 1575 1098 1641; x_wconf 89' lang='lat' dir='ltr'>appetentem</span> <span class='ocrx_word' id='word_1_90' title='bbox 1109 1585 1173 1626; x_wconf 89' lang='lat' dir='ltr'>cnm</span> 
     </span>
     <span class='ocr_line' id='line_1_12' title="bbox 131 1675 1173 1750; baseline -0.001 -17"><span class='ocrx_word' id='word_1_91' title='bbox 131 1675 295 1748; x_wconf 81' lang='lat' dir='ltr'>inexplebili</span> <span class='ocrx_word' id='word_1_92' title='bbox 328 1675 493 1748; x_wconf 89' lang='lat' dir='ltr'>cupiditate,</span> <span class='ocrx_word' id='word_1_93' title='bbox 526 1692 640 1748; x_wconf 91' lang='lat' dir='ltr'>quoque</span> <span class='ocrx_word' id='word_1_94' title='bbox 672 1675 828 1732; x_wconf 83' lang='lat' dir='ltr'>affluentius</span> <span class='ocrx_word' id='word_1_95' title='bbox 860 1676 1016 1746; x_wconf 87' lang='lat' dir='ltr'>uoluptates</span> <span class='ocrx_word' id='word_1_96' title='bbox 1049 1676 1173 1750; x_wconf 89' lang='lat' dir='ltr'>undique</span> 
     </span>
     <span class='ocr_line' id='line_1_13' title="bbox 132 1781 1172 1855; baseline 0 -15"><span class='ocrx_word' id='word_1_97' title='bbox 132 1783 252 1855; x_wconf 82' lang='lat' dir='ltr'>hauriat,</span> <span class='ocrx_word' id='word_1_98' title='bbox 275 1799 310 1839; x_wconf 89' lang='lat' dir='ltr'>eo</span> <span class='ocrx_word' id='word_1_99' title='bbox 332 1783 445 1855; x_wconf 89' lang='lat' dir='ltr'>grauius</span> <span class='ocrx_word' id='word_1_100' title='bbox 468 1782 666 1854; x_wconf 83' lang='lat' dir='ltr'>ardentiusque</span> <span class='ocrx_word' id='word_1_101' title='bbox 688 1781 837 1853; x_wconf 88' lang='lat' dir='ltr'>sitientem,</span> <span class='ocrx_word' id='word_1_102' title='bbox 861 1800 953 1839; x_wconf 90' lang='lat' dir='ltr'>nonne</span> <span class='ocrx_word' id='word_1_103' title='bbox 975 1790 1050 1840; x_wconf 88' lang='lat' dir='ltr'>recte</span> <span class='ocrx_word' id='word_1_104' title='bbox 1071 1783 1172 1841; x_wconf 89' lang='lat' dir='ltr'>miser·</span> 
     </span>
     <span class='ocr_line' id='line_1_14' title="bbox 131 1885 1172 1963; baseline -0.001 -16"><span class='ocrx_word' id='word_1_105' title='bbox 131 1889 235 1947; x_wconf 91' lang='lat' dir='ltr'>rimum</span> <span class='ocrx_word' id='word_1_106' title='bbox 246 1887 373 1946; x_wconf 77' lang='lat' dir='ltr'>dixeris?</span> <span class='ocrx_word' id='word_1_107' title='bbox 396 1885 494 1958; x_wconf 79' lang='lat' dir='ltr'>Quid?</span> <span class='ocrx_word' id='word_1_108' title='bbox 507 1890 595 1945; x_wconf 86' lang='lat' dir='ltr'>elatus</span> <span class='ocrx_word' id='word_1_109' title='bbox 616 1889 664 1946; x_wconf 91' lang='lat' dir='ltr'>ille</span> <span class='ocrx_word' id='word_1_110' title='bbox 686 1889 798 1946; x_wconf 90' lang='lat' dir='ltr'>leuitate</span> <span class='ocrx_word' id='word_1_111' title='bbox 820 1889 952 1963; x_wconf 86' lang='lat' dir='ltr'>inanique</span> <span class='ocrx_word' id='word_1_112' title='bbox 974 1891 1075 1948; x_wconf 87' lang='lat' dir='ltr'>laetitia</span> <span class='ocrx_word' id='word_1_113' title='bbox 1093 1892 1172 1947; x_wconf 85' lang='lat' dir='ltr'>exul·</span> 
     </span>
     <span class='ocr_line' id='line_1_15' title="bbox 130 1996 1172 2072; baseline 0 -18"><span class='ocrx_word' id='word_1_114' title='bbox 130 2003 193 2054; x_wconf 87' lang='lat' dir='ltr'>tans</span> <span class='ocrx_word' id='word_1_115' title='bbox 215 2003 243 2053; x_wconf 88' lang='lat' dir='ltr'>ct</span> <span class='ocrx_word' id='word_1_116' title='bbox 263 2003 367 2053; x_wconf 89' lang='lat' dir='ltr'>temere</span> <span class='ocrx_word' id='word_1_117' title='bbox 390 1996 511 2067; x_wconf 81' lang='lat' dir='ltr'>gestiens</span> <span class='ocrx_word' id='word_1_118' title='bbox 532 2013 626 2053; x_wconf 89' lang='lat' dir='ltr'>nonne</span> <span class='ocrx_word' id='word_1_119' title='bbox 652 2002 727 2053; x_wconf 90' lang='lat' dir='ltr'>tanto</span> <span class='ocrx_word' id='word_1_120' title='bbox 749 1997 894 2071; x_wconf 90' lang='lat' dir='ltr'>miserior,</span> <span class='ocrx_word' id='word_1_121' title='bbox 922 2005 1026 2072; x_wconf 89' lang='lat' dir='ltr'>quanto</span> <span class='ocrx_word' id='word_1_122' title='bbox 1051 1997 1106 2056; x_wconf 90' lang='lat' dir='ltr'>sibi</span> <span class='ocrx_word' id='word_1_123' title='bbox 1128 1997 1172 2057; x_wconf 93' lang='lat' dir='ltr'>ui·</span> 
     </span>
     <span class='ocr_line' id='line_1_16' title="bbox 132 2100 1172 2178; baseline 0.001 -19"><span class='ocrx_word' id='word_1_124' title='bbox 132 2104 214 2160; x_wconf 92' lang='lat' dir='ltr'>detur</span> <span class='ocrx_word' id='word_1_125' title='bbox 234 2100 367 2160; x_wconf 77' lang='lat' dir='ltr'>beatior?</span> <span class='ocrx_word' id='word_1_126' title='bbox 398 2104 475 2175; x_wconf 87' lang='lat' dir='ltr'>Ergo</span> <span class='ocrx_word' id='word_1_127' title='bbox 497 2109 527 2160; x_wconf 91' lang='lat' dir='ltr'>ut</span> <span class='ocrx_word' id='word_1_128' title='bbox 548 2102 577 2158; x_wconf 88' lang='lat' dir='ltr'>hi</span> <span class='ocrx_word' id='word_1_129' title='bbox 598 2103 710 2178; x_wconf 89' lang='lat' dir='ltr'>miseri,</span> <span class='ocrx_word' id='word_1_130' title='bbox 740 2104 781 2161; x_wconf 90' lang='lat' dir='ltr'>sic</span> <span class='ocrx_word' id='word_1_131' title='bbox 802 2111 895 2162; x_wconf 88' lang='lat' dir='ltr'>contra</span> <span class='ocrx_word' id='word_1_132' title='bbox 917 2105 959 2162; x_wconf 92' lang='lat' dir='ltr'>illi</span> <span class='ocrx_word' id='word_1_133' title='bbox 981 2104 1072 2176; x_wconf 86' lang='lat' dir='ltr'>beati,</span> <span class='ocrx_word' id='word_1_134' title='bbox 1101 2120 1172 2177; x_wconf 91' lang='lat' dir='ltr'>quos</span> 
     </span>
     <span class='ocr_line' id='line_1_17' title="bbox 132 2209 1172 2285; baseline 0 -17"><span class='ocrx_word' id='word_1_135' title='bbox 132 2210 205 2268; x_wconf 92' lang='lat' dir='ltr'>nulli</span> <span class='ocrx_word' id='word_1_136' title='bbox 226 2216 317 2266; x_wconf 92' lang='lat' dir='ltr'>metus</span> <span class='ocrx_word' id='word_1_137' title='bbox 339 2216 452 2283; x_wconf 87' lang='lat' dir='ltr'>terrent,</span> <span class='ocrx_word' id='word_1_138' title='bbox 468 2211 562 2266; x_wconf 87' lang='lat' dir='ltr'>nullae</span> <span class='ocrx_word' id='word_1_139' title='bbox 584 2209 772 2282; x_wconf 85' lang='lat' dir='ltr'>aegritudines</span> <span class='ocrx_word' id='word_1_140' title='bbox 794 2212 924 2285; x_wconf 85' lang='lat' dir='ltr'>exedunt,</span> <span class='ocrx_word' id='word_1_141' title='bbox 937 2212 1030 2268; x_wconf 89' lang='lat' dir='ltr'>nullae</span> <span class='ocrx_word' id='word_1_142' title='bbox 1041 2210 1172 2268; x_wconf 87' lang='lat' dir='ltr'>libidines</span> 
     </span>
     <span class='ocr_line' id='line_1_18' title="bbox 131 2299 1174 2391; baseline 0 -17"><span class='ocrx_word' id='word_1_143' title='bbox 131 2316 256 2390; x_wconf 84' lang='lat' dir='ltr'>incitant,</span> <span class='ocrx_word' id='word_1_144' title='bbox 279 2317 372 2375; x_wconf 84' lang='lat' dir='ltr'>nullae</span> <span class='ocrx_word' id='word_1_145' title='bbox 394 2316 488 2374; x_wconf 83' lang='lat' dir='ltr'>futiles</span> <span class='ocrx_word' id='word_1_146' title='bbox 511 2315 630 2374; x_wconf 88' lang='lat' dir='ltr'>laetitiae</span> <span class='ocrx_word' id='word_1_147' title='bbox 652 2318 806 2374; x_wconf 85' lang='lat' dir='ltr'>exultantes</span> <span class='ocrx_word' id='word_1_148' title='bbox 829 2299 970 2390; x_wconf 90' lang='lat' dir='ltr'>languidis</span> <span class='ocrx_word' id='word_1_149' title='bbox 992 2316 1174 2391; x_wconf 78' lang='lat' dir='ltr'>liquefaciunt</span> 
     </span>
     <span class='ocr_line' id='line_1_19' title="bbox 132 2423 1173 2497; baseline 0 -17"><span class='ocrx_word' id='word_1_150' title='bbox 132 2423 333 2495; x_wconf 90' lang='lat' dir='ltr'>uoluptatibus.</span> <span class='ocrx_word' id='word_1_151' title='bbox 382 2425 420 2482; x_wconf 90' lang='lat' dir='ltr'>Ut</span> <span class='ocrx_word' id='word_1_152' title='bbox 439 2424 524 2481; x_wconf 88' lang='lat' dir='ltr'>maris</span> <span class='ocrx_word' id='word_1_153' title='bbox 545 2423 631 2496; x_wconf 90' lang='lat' dir='ltr'>igitur</span> <span class='ocrx_word' id='word_1_154' title='bbox 652 2423 836 2496; x_wconf 84' lang='lat' dir='ltr'>tranquillitas</span> <span class='ocrx_word' id='word_1_155' title='bbox 857 2423 1020 2497; x_wconf 86' lang='lat' dir='ltr'>intelligitur</span> <span class='ocrx_word' id='word_1_156' title='bbox 1036 2426 1112 2481; x_wconf 92' lang='lat' dir='ltr'>nulla</span> <span class='ocrx_word' id='word_1_157' title='bbox 1137 2439 1173 2480; x_wconf 91' lang='lat' dir='ltr'>ne</span> 
     </span>
     <span class='ocr_line' id='line_1_20' title="bbox 131 2530 1173 2606; baseline 0 -19"><span class='ocrx_word' id='word_1_158' title='bbox 131 2530 247 2587; x_wconf 87' lang='lat' dir='ltr'>minima</span> <span class='ocrx_word' id='word_1_159' title='bbox 271 2530 384 2604; x_wconf 87' lang='lat' dir='ltr'>quidem</span> <span class='ocrx_word' id='word_1_160' title='bbox 407 2547 474 2587; x_wconf 87' lang='lat' dir='ltr'>aura</span> <span class='ocrx_word' id='word_1_161' title='bbox 496 2531 593 2587; x_wconf 88' lang='lat' dir='ltr'>tluetus</span> <span class='ocrx_word' id='word_1_162' title='bbox 616 2537 820 2606; x_wconf 89' lang='lat' dir='ltr'>commonente,</span> <span class='ocrx_word' id='word_1_163' title='bbox 843 2531 884 2588; x_wconf 91' lang='lat' dir='ltr'>sic</span> <span class='ocrx_word' id='word_1_164' title='bbox 906 2530 990 2589; x_wconf 89' lang='lat' dir='ltr'>animi</span> <span class='ocrx_word' id='word_1_165' title='bbox 1012 2531 1122 2605; x_wconf 90' lang='lat' dir='ltr'>quietus</span> <span class='ocrx_word' id='word_1_166' title='bbox 1145 2535 1173 2587; x_wconf 89' lang='lat' dir='ltr'>et</span> 
     </span>
     <span class='ocr_line' id='line_1_21' title="bbox 127 2635 1172 2711; baseline 0.001 -19"><span class='ocrx_word' id='word_1_167' title='bbox 127 2639 257 2710; x_wconf 88' lang='lat' dir='ltr'>placatus</span> <span class='ocrx_word' id='word_1_168' title='bbox 278 2643 364 2694; x_wconf 88' lang='lat' dir='ltr'>status</span> <span class='ocrx_word' id='word_1_169' title='bbox 387 2636 517 2710; x_wconf 88' lang='lat' dir='ltr'>cernitur,</span> <span class='ocrx_word' id='word_1_170' title='bbox 540 2654 627 2711; x_wconf 92' lang='lat' dir='ltr'>quum</span> <span class='ocrx_word' id='word_1_171' title='bbox 648 2637 821 2709; x_wconf 87' lang='lat' dir='ltr'>perturbatio</span> <span class='ocrx_word' id='word_1_172' title='bbox 839 2638 917 2695; x_wconf 91' lang='lat' dir='ltr'>nulla</span> <span class='ocrx_word' id='word_1_173' title='bbox 936 2644 1052 2711; x_wconf 91' lang='lat' dir='ltr'>est,qua</span> <span class='ocrx_word' id='word_1_174' title='bbox 1065 2635 1172 2694; x_wconf 88' lang='lat' dir='ltr'>moueri</span> 
     </span>
     <span class='ocr_line' id='line_1_22' title="bbox 131 2742 1172 2819; baseline -0.001 -18"><span class='ocrx_word' id='word_1_175' title='bbox 131 2750 226 2818; x_wconf 89' lang='lat' dir='ltr'>queat.</span> <span class='ocrx_word' id='word_1_176' title='bbox 261 2743 310 2803; x_wconf 78' lang='lat'>17.</span> <span class='ocrx_word' id='word_1_177' title='bbox 322 2745 405 2813; x_wconf 83' lang='lat' dir='ltr'>Quod</span> <span class='ocrx_word' id='word_1_178' title='bbox 427 2743 451 2799; x_wconf 90' lang='lat' dir='ltr'>si</span> <span class='ocrx_word' id='word_1_179' title='bbox 474 2750 525 2817; x_wconf 89' lang='lat' dir='ltr'>est,</span> <span class='ocrx_word' id='word_1_180' title='bbox 549 2742 597 2816; x_wconf 92' lang='lat' dir='ltr'>qni</span> <span class='ocrx_word' id='word_1_181' title='bbox 619 2743 677 2800; x_wconf 87' lang='lat' dir='ltr'>nim</span> <span class='ocrx_word' id='word_1_182' title='bbox 699 2744 837 2819; x_wconf 83' lang='lat' dir='ltr'>fortunae,</span> <span class='ocrx_word' id='word_1_183' title='bbox 859 2745 908 2818; x_wconf 92' lang='lat' dir='ltr'>qui</span> <span class='ocrx_word' id='word_1_184' title='bbox 931 2744 1024 2802; x_wconf 91' lang='lat' dir='ltr'>omnia</span> <span class='ocrx_word' id='word_1_185' title='bbox 1042 2745 1172 2817; x_wconf 90' lang='lat' dir='ltr'>bumana,</span> 
     </span>
     <span class='ocr_line' id='line_1_23' title="bbox 132 2850 1173 2926; baseline 0.001 -20"><span class='ocrx_word' id='word_1_186' title='bbox 132 2867 316 2925; x_wconf 87' lang='lat' dir='ltr'>quaeeunque</span> <span class='ocrx_word' id='word_1_187' title='bbox 337 2850 464 2907; x_wconf 84' lang='lat' dir='ltr'>accidere</span> <span class='ocrx_word' id='word_1_188' title='bbox 491 2856 624 2922; x_wconf 88' lang='lat' dir='ltr'>possunt,</span> <span class='ocrx_word' id='word_1_189' title='bbox 657 2851 812 2909; x_wconf 88' lang='lat' dir='ltr'>tolerabilia</span> <span class='ocrx_word' id='word_1_190' title='bbox 839 2854 938 2926; x_wconf 88' lang='lat' dir='ltr'>ducat,</span> <span class='ocrx_word' id='word_1_191' title='bbox 972 2870 1007 2910; x_wconf 83' lang='lat' dir='ltr'>ex</span> <span class='ocrx_word' id='word_1_192' title='bbox 1035 2868 1092 2924; x_wconf 93' lang='lat' dir='ltr'>quo</span> <span class='ocrx_word' id='word_1_193' title='bbox 1121 2868 1173 2908; x_wconf 85' lang='lat' dir='ltr'>nec</span> 
     </span>
     <span class='ocr_line' id='line_1_24' title="bbox 132 2956 1172 3033; baseline 0.001 -18"><span class='ocrx_word' id='word_1_194' title='bbox 132 2958 217 3015; x_wconf 88' lang='lat' dir='ltr'>timor</span> <span class='ocrx_word' id='word_1_195' title='bbox 238 2974 302 3013; x_wconf 90' lang='lat' dir='ltr'>eum</span> <span class='ocrx_word' id='word_1_196' title='bbox 324 2974 376 3014; x_wconf 90' lang='lat' dir='ltr'>nec</span> <span class='ocrx_word' id='word_1_197' title='bbox 404 2974 493 3029; x_wconf 88' lang='lat' dir='ltr'>angor</span> <span class='ocrx_word' id='word_1_198' title='bbox 520 2956 649 3030; x_wconf 84' lang='lat' dir='ltr'>attingat,</span> <span class='ocrx_word' id='word_1_199' title='bbox 678 2957 809 3033; x_wconf 85' lang='lat' dir='ltr'>idemque</span> <span class='ocrx_word' id='word_1_200' title='bbox 838 2958 862 3017; x_wconf 93' lang='lat' dir='ltr'>si</span> <span class='ocrx_word' id='word_1_201' title='bbox 889 2958 959 3016; x_wconf 91' lang='lat' dir='ltr'>nibil</span> <span class='ocrx_word' id='word_1_202' title='bbox 988 2957 1172 3033; x_wconf 84' lang='lat' dir='ltr'>concupiscat,</span> 
     </span>
     <span class='ocr_line' id='line_1_25' title="bbox 131 3063 1172 3141; baseline -0.001 -18"><span class='ocrx_word' id='word_1_203' title='bbox 131 3066 212 3123; x_wconf 87' lang='lat' dir='ltr'>nulla</span> <span class='ocrx_word' id='word_1_204' title='bbox 233 3063 363 3120; x_wconf 77' lang='lat' dir='ltr'>efferatur</span> <span class='ocrx_word' id='word_1_205' title='bbox 384 3063 468 3120; x_wconf 92' lang='lat' dir='ltr'>animi</span> <span class='ocrx_word' id='word_1_206' title='bbox 489 3063 564 3120; x_wconf 90' lang='lat' dir='ltr'>inani</span> <span class='ocrx_word' id='word_1_207' title='bbox 586 3066 739 3140; x_wconf 90' lang='lat' dir='ltr'>uoluptate,</span> <span class='ocrx_word' id='word_1_208' title='bbox 762 3066 831 3139; x_wconf 91' lang='lat' dir='ltr'>quid</span> <span class='ocrx_word' id='word_1_209' title='bbox 853 3073 905 3141; x_wconf 90' lang='lat' dir='ltr'>est,</span> <span class='ocrx_word' id='word_1_210' title='bbox 928 3084 977 3125; x_wconf 91' lang='lat' dir='ltr'>cur</span> <span class='ocrx_word' id='word_1_211' title='bbox 995 3066 1019 3124; x_wconf 90' lang='lat' dir='ltr'>is</span> <span class='ocrx_word' id='word_1_212' title='bbox 1037 3065 1172 3123; x_wconf 88' lang='lat' dir='ltr'>nonbea·</span> 
     </span>
     <span class='ocr_line' id='line_1_26' title="bbox 131 3168 1173 3249; baseline 0 -21"><span class='ocrx_word' id='word_1_213' title='bbox 131 3168 250 3228; x_wconf 79' lang='lat' dir='ltr'>tussit?</span> <span class='ocrx_word' id='word_1_214' title='bbox 272 3169 344 3227; x_wconf 89' lang='lat' dir='ltr'>etsi</span> <span class='ocrx_word' id='word_1_215' title='bbox 366 3170 435 3225; x_wconf 90' lang='lat' dir='ltr'>baec</span> <span class='ocrx_word' id='word_1_216' title='bbox 457 3170 557 3227; x_wconf 90' lang='lat' dir='ltr'>uirtute</span> <span class='ocrx_word' id='word_1_217' title='bbox 579 3171 747 3246; x_wconf 75' lang='lat' dir='ltr'>efficiuntur,</span> <span class='ocrx_word' id='word_1_218' title='bbox 766 3173 835 3245; x_wconf 92' lang='lat' dir='ltr'>quid</span> <span class='ocrx_word' id='word_1_219' title='bbox 857 3180 908 3249; x_wconf 89' lang='lat' dir='ltr'>cst,</span> <span class='ocrx_word' id='word_1_220' title='bbox 931 3191 980 3231; x_wconf 92' lang='lat' dir='ltr'>cur</span> <span class='ocrx_word' id='word_1_221' title='bbox 1002 3173 1090 3230; x_wconf 92' lang='lat' dir='ltr'>uirtus</span> <span class='ocrx_word' id='word_1_222' title='bbox 1112 3173 1173 3245; x_wconf 84' lang='lat' dir='ltr'>ipsa</span> 
     </span>
     <span class='ocr_line' id='line_1_27' title="bbox 131 3274 583 3352; baseline -0.002 -17"><span class='ocrx_word' id='word_1_223' title='bbox 131 3295 237 3352; x_wconf 90' lang='lat' dir='ltr'>perse</span> <span class='ocrx_word' id='word_1_224' title='bbox 259 3295 315 3334; x_wconf 91' lang='lat' dir='ltr'>non</span> <span class='ocrx_word' id='word_1_225' title='bbox 338 3277 440 3333; x_wconf 84' lang='lat' dir='ltr'>efficiat</span> <span class='ocrx_word' id='word_1_226' title='bbox 461 3274 583 3334; x_wconf 79' lang='lat' dir='ltr'>beatos?</span> 
     </span>
    </p>

    <p class='ocr_par' dir='ltr' id='par_1_4' title="bbox 130 3381 1172 3670">
     <span class='ocr_line' id='line_1_28' title="bbox 218 3381 1171 3459; baseline -0.004 -17"><span class='ocrx_word' id='word_1_227' title='bbox 218 3386 281 3442; x_wconf 91' lang='lat' dir='ltr'>Vll.</span> <span class='ocrx_word' id='word_1_228' title='bbox 306 3385 341 3441; x_wconf 76' lang='lat' dir='ltr'>A.</span> <span class='ocrx_word' id='word_1_229' title='bbox 363 3383 446 3456; x_wconf 79' lang='lat' dir='ltr'>Atqui</span> <span class='ocrx_word' id='word_1_230' title='bbox 470 3385 587 3439; x_wconf 90' lang='lat' dir='ltr'>alterurn</span> <span class='ocrx_word' id='word_1_231' title='bbox 609 3384 663 3440; x_wconf 89' lang='lat' dir='ltr'>diei</span> <span class='ocrx_word' id='word_1_232' title='bbox 686 3402 742 3441; x_wconf 90' lang='lat' dir='ltr'>nun</span> <span class='ocrx_word' id='word_1_233' title='bbox 765 3391 864 3458; x_wconf 90' lang='lat' dir='ltr'>potest,</span> <span class='ocrx_word' id='word_1_234' title='bbox 888 3385 955 3459; x_wconf 92' lang='lat' dir='ltr'>quin</span> <span class='ocrx_word' id='word_1_235' title='bbox 978 3384 1008 3456; x_wconf 92' lang='lat' dir='ltr'>ii,</span> <span class='ocrx_word' id='word_1_236' title='bbox 1031 3384 1079 3457; x_wconf 93' lang='lat' dir='ltr'>qui</span> <span class='ocrx_word' id='word_1_237' title='bbox 1101 3381 1171 3439; x_wconf 88' lang='lat' dir='ltr'>nibil</span> 
     </span>
     <span class='ocr_line' id='line_1_29' title="bbox 130 3487 1172 3563; baseline 0.001 -19"><span class='ocrx_word' id='word_1_238' title='bbox 130 3492 271 3563; x_wconf 85' lang='lat' dir='ltr'>metuant,</span> <span class='ocrx_word' id='word_1_239' title='bbox 305 3487 374 3547; x_wconf 90' lang='lat' dir='ltr'>nihil</span> <span class='ocrx_word' id='word_1_240' title='bbox 401 3496 552 3562; x_wconf 86' lang='lat' dir='ltr'>angantur,</span> <span class='ocrx_word' id='word_1_241' title='bbox 581 3488 652 3546; x_wconf 91' lang='lat' dir='ltr'>nibil</span> <span class='ocrx_word' id='word_1_242' title='bbox 678 3491 891 3563; x_wconf 90' lang='lat' dir='ltr'>concupiscant,</span> <span class='ocrx_word' id='word_1_243' title='bbox 924 3492 1001 3548; x_wconf 83' lang='lat' dir='ltr'>trulla</span> <span class='ocrx_word' id='word_1_244' title='bbox 1028 3488 1172 3561; x_wconf 86' lang='lat' dir='ltr'>impotenti</span> 
     </span>
     <span class='ocr_line' id='line_1_30' title="bbox 131 3594 1172 3670; baseline 0.003 -20"><span class='ocrx_word' id='word_1_245' title='bbox 131 3594 236 3651; x_wconf 90' lang='lat' dir='ltr'>laetitia</span> <span class='ocrx_word' id='word_1_246' title='bbox 257 3595 423 3668; x_wconf 80' lang='lat' dir='ltr'>efferantur,</span> <span class='ocrx_word' id='word_1_247' title='bbox 455 3597 529 3654; x_wconf 88' lang='lat' dir='ltr'>beati</span> <span class='ocrx_word' id='word_1_248' title='bbox 551 3595 622 3670; x_wconf 84' lang='lat' dir='ltr'>sint3</span> <span class='ocrx_word' id='word_1_249' title='bbox 644 3596 736 3670; x_wconf 85' lang='lat' dir='ltr'>itaque</span> <span class='ocrx_word' id='word_1_250' title='bbox 752 3597 788 3658; x_wconf 83' lang='lat' dir='ltr'>id</span> <span class='ocrx_word' id='word_1_251' title='bbox 809 3597 858 3654; x_wconf 90' lang='lat' dir='ltr'>tibi</span> <span class='ocrx_word' id='word_1_252' title='bbox 881 3599 1021 3670; x_wconf 84' lang='lat' dir='ltr'>conccd03</span> <span class='ocrx_word' id='word_1_253' title='bbox 1054 3599 1172 3654; x_wconf 87' lang='lat' dir='ltr'>alterum</span> 
     </span>
    </p>
   </div>
   <div class='ocr_carea' id='block_1_4' title="bbox 130 3739 1229 4288">
    <p class='ocr_par' dir='ltr' id='par_1_5' title="bbox 130 3739 1229 4288">
     <span class='ocr_line' id='line_1_31' title="bbox 201 3739 1229 3807; baseline 0.006 -19"><span class='ocrx_word' id='word_1_254' title='bbox 201 3739 348 3804; x_wconf 72' lang='lat' dir='ltr'>infamiam)</span> <span class='ocrx_word' id='word_1_255' title='bbox 360 3741 463 3792; x_wconf 86' lang='lat' dir='ltr'>tntamiu</span> <span class='ocrx_word' id='word_1_256' title='bbox 475 3745 506 3797; x_wconf 88' lang='lat' dir='ltr'>ll.</span> <span class='ocrx_word' id='word_1_257' title='bbox 533 3757 583 3794; x_wconf 91' lang='lat' dir='ltr'>non</span> <span class='ocrx_word' id='word_1_258' title='bbox 601 3741 681 3806; x_wconf 87' lang='lat' dir='ltr'>sing.)</span> <span class='ocrx_word' id='word_1_259' title='bbox 698 3757 748 3793; x_wconf 91' lang='lat' dir='ltr'>non</span> <span class='ocrx_word' id='word_1_260' title='bbox 767 3746 843 3794; x_wconf 89' lang='lat' dir='ltr'>modo</span> <span class='ocrx_word' id='word_1_261' title='bbox 861 3758 883 3794; x_wconf 87' lang='lat' dir='ltr'>s.</span> <span class='ocrx_word' id='word_1_262' title='bbox 901 3744 968 3795; x_wconf 87' lang='lat' dir='ltr'>Nun.</span> <span class='ocrx_word' id='word_1_263' title='bbox 976 3759 1004 3807; x_wconf 91' lang='lat' dir='ltr'>p.</span> <span class='ocrx_word' id='word_1_264' title='bbox 1015 3741 1076 3793; x_wconf 76' lang='lat'>208</span> <span class='ocrx_word' id='word_1_265' title='bbox 1106 3756 1171 3794; x_wconf 90' lang='lat' dir='ltr'>con·</span> <span class='ocrx_word' id='word_1_266' title='bbox 1226 3758 1229 3767; x_wconf 90' lang='lat'>·</span> 
     </span>
     <span class='ocr_line' id='line_1_32' title="bbox 130 3823 1172 3891; baseline 0.007 -19"><span class='ocrx_word' id='word_1_267' title='bbox 130 3823 203 3888; x_wconf 87' lang='lat' dir='ltr'>tigit)</span> <span class='ocrx_word' id='word_1_268' title='bbox 221 3824 345 3887; x_wconf 87' lang='lat' dir='ltr'>contingit</span> <span class='ocrx_word' id='word_1_269' title='bbox 362 3825 428 3875; x_wconf 86' lang='lat' dir='ltr'>Non.</span> <span class='ocrx_word' id='word_1_270' title='bbox 449 3828 463 3876; x_wconf 92' lang='lat' dir='ltr'>l.</span> <span class='ocrx_word' id='word_1_271' title='bbox 484 3829 500 3876; x_wconf 91' lang='lat' dir='ltr'>l.</span> <span class='ocrx_word' id='word_1_272' title='bbox 544 3827 576 3876; x_wconf 83' lang='lat' dir='ltr'>lti</span> <span class='ocrx_word' id='word_1_273' title='bbox 601 3827 675 3878; x_wconf 76' lang='lat' dir='ltr'>Adde</span> <span class='ocrx_word' id='word_1_274' title='bbox 694 3827 800 3891; x_wconf 85' lang='lat' dir='ltr'>eodem)</span> <span class='ocrx_word' id='word_1_275' title='bbox 820 3830 909 3878; x_wconf 87' lang='lat' dir='ltr'>eodem</span> <span class='ocrx_word' id='word_1_276' title='bbox 929 3829 993 3879; x_wconf 85' lang='lat' dir='ltr'>udde</span> <span class='ocrx_word' id='word_1_277' title='bbox 1011 3829 1040 3878; x_wconf 87' lang='lat' dir='ltr'>P.</span> <span class='ocrx_word' id='word_1_278' title='bbox 1077 3828 1172 3879; x_wconf 87' lang='lat' dir='ltr'>miser-</span> 
     </span>
     <span class='ocr_line' id='line_1_33' title="bbox 131 3900 1177 3979; baseline 0.007 -22"><span class='ocrx_word' id='word_1_279' title='bbox 131 3906 225 3970; x_wconf 89' lang='lat' dir='ltr'>rimus)</span> <span class='ocrx_word' id='word_1_280' title='bbox 245 3909 324 3959; x_wconf 88' lang='lat' dir='ltr'>miser</span> <span class='ocrx_word' id='word_1_281' title='bbox 341 3910 407 3959; x_wconf 84' lang='lat' dir='ltr'>Nou.</span> <span class='ocrx_word' id='word_1_282' title='bbox 424 3926 452 3974; x_wconf 90' lang='lat' dir='ltr'>p.</span> <span class='ocrx_word' id='word_1_283' title='bbox 461 3910 530 3961; x_wconf 77' lang='lat'><strong><em>292.</em></strong></span> <span class='ocrx_word' id='word_1_284' title='bbox 549 3911 666 3974; x_wconf 88' lang='lat' dir='ltr'>quoquc)</span> <span class='ocrx_word' id='word_1_285' title='bbox 685 3926 735 3973; x_wconf 91' lang='lat' dir='ltr'>quo</span> <span class='ocrx_word' id='word_1_286' title='bbox 753 3913 820 3961; x_wconf 85' lang='lat' dir='ltr'>Nou.</span> <span class='ocrx_word' id='word_1_287' title='bbox 836 3927 865 3975; x_wconf 86' lang='lat' dir='ltr'>p.</span> <span class='ocrx_word' id='word_1_288' title='bbox 876 3911 933 3962; x_wconf 83' lang='lat'>319</span> <span class='ocrx_word' id='word_1_289' title='bbox 978 3912 1088 3979; x_wconf 85' lang='lat' dir='ltr'>hauriat)</span> <span class='ocrx_word' id='word_1_290' title='bbox 1106 3900 1177 3964; x_wconf 52' lang='lat' dir='ltr'>hauss</span> 
     </span>
     <span class='ocr_line' id='line_1_34' title="bbox 130 3993 1172 4061; baseline 0.008 -20"><span class='ocrx_word' id='word_1_291' title='bbox 130 3993 193 4042; x_wconf 90' lang='lat' dir='ltr'>riret</span> <span class='ocrx_word' id='word_1_292' title='bbox 208 3993 276 4042; x_wconf 81' lang='lat' dir='ltr'>Non.</span> <span class='ocrx_word' id='word_1_293' title='bbox 295 3995 311 4043; x_wconf 91' lang='lat' dir='ltr'>t.</span> <span class='ocrx_word' id='word_1_294' title='bbox 334 3995 351 4044; x_wconf 87' lang='lat'>1.</span> <span class='ocrx_word' id='word_1_295' title='bbox 386 3996 482 4060; x_wconf 89' lang='lat' dir='ltr'>elatus)</span> <span class='ocrx_word' id='word_1_296' title='bbox 502 3997 618 4046; x_wconf 81' lang='lat' dir='ltr'>eleustus</span> <span class='ocrx_word' id='word_1_297' title='bbox 632 3996 685 4045; x_wconf 75' lang='grc' dir='ltr'>ΒΡ.</span> <span class='ocrx_word' id='word_1_298' title='bbox 721 3996 832 4061; x_wconf 88' lang='lat' dir='ltr'>temere)</span> <span class='ocrx_word' id='word_1_299' title='bbox 850 3999 1002 4048; x_wconf 75' lang='lat' dir='ltr'>timereltl’.</span> <span class='ocrx_word' id='word_1_300' title='bbox 1040 3999 1078 4050; x_wconf 82' lang='lat'>17.</span> <span class='ocrx_word' id='word_1_301' title='bbox 1090 4013 1172 4061; x_wconf 91' lang='lat' dir='ltr'>quae-</span> 
     </span>
     <span class='ocr_line' id='line_1_35' title="bbox 131 4074 1170 4147; baseline 0.006 -20"><span class='ocrx_word' id='word_1_302' title='bbox 131 4074 248 4142; x_wconf 84' lang='lat' dir='ltr'>cunque)</span> <span class='ocrx_word' id='word_1_303' title='bbox 265 4091 331 4139; x_wconf 77' lang='lat' dir='ltr'>quoe</span> <span class='ocrx_word' id='word_1_304' title='bbox 355 4081 448 4142; x_wconf 87' lang='lat' dir='ltr'>cuique</span> <span class='ocrx_word' id='word_1_305' title='bbox 466 4081 497 4128; x_wconf 85' lang='lat' dir='ltr'>ll.</span> <span class='ocrx_word' id='word_1_306' title='bbox 540 4077 685 4144; x_wconf 84' lang='lat' dir='ltr'>angantur)</span> <span class='ocrx_word' id='word_1_307' title='bbox 709 4086 783 4142; x_wconf 87' lang='lat' dir='ltr'>agant</span> <span class='ocrx_word' id='word_1_308' title='bbox 805 4081 872 4132; x_wconf 84' lang='lat' dir='ltr'>Non.</span> <span class='ocrx_word' id='word_1_309' title='bbox 892 4096 921 4144; x_wconf 89' lang='lat' dir='ltr'>p.</span> <span class='ocrx_word' id='word_1_310' title='bbox 945 4081 1012 4138; x_wconf 78' lang='lat'>129.</span> <span class='ocrx_word' id='word_1_311' title='bbox 1038 4083 1170 4147; x_wconf 78' lang='lat' dir='ltr'>liupoteuti</span> 
     </span>
     <span class='ocr_line' id='line_1_36' title="bbox 131 4158 1040 4230; baseline 0.009 -19"><span class='ocrx_word' id='word_1_312' title='bbox 131 4158 205 4226; x_wconf 77' lang='lat' dir='ltr'>laet)</span> <span class='ocrx_word' id='word_1_313' title='bbox 223 4162 373 4226; x_wconf 84' lang='lat' dir='ltr'>irupoteutla</span> <span class='ocrx_word' id='word_1_314' title='bbox 390 4164 456 4216; x_wconf 83' lang='lat' dir='ltr'>Nou.</span> <span class='ocrx_word' id='word_1_315' title='bbox 473 4165 490 4215; x_wconf 87' lang='lat'>1.</span> <span class='ocrx_word' id='word_1_316' title='bbox 509 4165 525 4214; x_wconf 88' lang='lat' dir='ltr'>t.</span> <span class='ocrx_word' id='word_1_317' title='bbox 544 4163 694 4230; x_wconf 83' lang='lat' dir='ltr'>ederentur)</span> <span class='ocrx_word' id='word_1_318' title='bbox 710 4164 755 4216; x_wconf 79' lang='lat' dir='ltr'>Sic</span> <span class='ocrx_word' id='word_1_319' title='bbox 771 4165 837 4216; x_wconf 83' lang='lat' dir='ltr'>Non.</span> <span class='ocrx_word' id='word_1_320' title='bbox 856 4167 969 4219; x_wconf 82' lang='lat' dir='ltr'>celerant</span> <span class='ocrx_word' id='word_1_321' title='bbox 987 4168 1040 4219; x_wconf 78' lang='lat' dir='ltr'>nn.</span> 
     </span>
     <span class='ocr_line' id='line_1_37' title="bbox 293 4264 305 4288; baseline 0 0"><span class='ocrx_word' id='word_1_322' title='bbox 293 4264 305 4288; x_wconf 74' lang='lat'><em>0</em></span> 
     </span>
    </p>
   </div>
   <div class='ocr_carea' id='block_1_5' title="bbox 0 0 1310 4634">
    <p class='ocr_par' dir='ltr' id='par_1_6' title="bbox 0 0 1310 4634">
     <span class='ocr_line' id='line_1_38' title="bbox 0 0 1310 4634; baseline 0 0"><span class='ocrx_word' id='word_1_323' title='bbox 0 0 1310 4634; x_wconf 95' lang='lat' dir='ltr'> </span> 
     </span>
    </p>
   </div>
  </div>
 </body>
</html>
