2610 4634
134 270 175 332 76
342 276 568 329 ruscbtau.
601 240 949 326 nrsaurarionum

89 503 95 507 ·
134 472 184 530 tibi
206 488 348 545 propone,
376 469 582 544 amplitudinem
611 476 638 527 et
665 468 744 542 quasi
766 469 904 543 quandam
927 468 1170 541 exaggeratiomur

134 597 217 652 quam
239 578 399 636 altissimam
421 577 523 650 animi,
558 593 628 648 quae
649 576 768 633 maxime
790 575 901 632 eminet·
913 577 1126 634 contemnendis
1146 583 1170 634 at

133 685 318 758 despiciendis
340 684 500 756 doloribus,
527 701 610 739 unam
637 699 698 739 esse
721 683 844 754 omnium
866 700 933 739 rem
955 683 1170 756 pulcherrimam

134 810 225 865 eoque
243 788 442 864 pulchriorem,
466 791 489 846 si
511 795 591 846 uacet
613 790 717 862 populo
740 805 832 861 neque
856 766 995 862 plausum
1008 797 1121 863 captans
1142 808 1169 850 re

134 904 237 955 tantum
265 898 324 970 ipsa
352 898 478 953 deiectat.
532 890 611 964 Quin
635 895 717 952 etiam
743 895 812 951 mibi
839 896 954 968 quidem
988 896 1169 954 laudabilium

133 1004 263 1060 uidentur
290 1003 396 1075 omnia,
430 1020 501 1075 quae
529 1003 588 1058 sine
617 981 805 1060 uenditatione
834 1008 860 1058 et
888 1002 948 1058 sine
969 1005 1080 1074 populo
1103 1010 1169 1061 teste

134 1111 217 1185 liunt3
240 1126 295 1165 rron
317 1127 372 1182 quo
395 1109 543 1181 fugiendus
565 1107 617 1181 sit3
648 1108 739 1164 omnia
768 1108 842 1164 enim
870 1108 1035 1166 benefacta
1058 1109 1089 1167 in
1110 1112 1168 1168 luce

135 1234 165 1273 se
186 1217 316 1274 collocari
338 1218 450 1290 uolunt3
484 1216 533 1272 sed
561 1222 653 1272 tamen
679 1216 788 1271 nullum
814 1215 950 1272 theatrum
979 1216 1077 1274 uirtuti
1103 1234 1168 1275 oon·

134 1323 246 1381 scientia
268 1324 355 1380 maius
378 1329 427 1380 est.
633 1319 638 1332 ‘

219 1431 340 1488 xxvrl.
374 1426 423 1489 65.
439 1426 442 1431 ’
458 1430 549 1502 Atque
578 1427 607 1485 in
629 1427 725 1502 primis
747 1428 912 1485 meditemur
933 1427 1021 1504 illud,
1049 1435 1082 1487 ut
1103 1430 1168 1488 baec

64 1599 69 1604 ,
135 1537 263 1610 patientia
284 1538 429 1608 dolorum,
458 1554 540 1609 quam
563 1554 645 1608 saepe
666 1535 720 1592 iam
747 1535 831 1592 animi
853 1535 1005 1592 intentione
1028 1536 1087 1594 dixi
1109 1530 1168 1596 esse

136 1647 314 1716 firmandam,
347 1647 375 1700 in
406 1641 481 1699 omni
515 1660 616 1715 genere
645 1659 675 1698 se
701 1641 873 1714 aequabilem
896 1641 1035 1715 praebeat.
1080 1647 1168 1718 Saepe

135 1753 209 1808 onim
231 1751 327 1822 multi,
356 1749 403 1822 qui
432 1756 478 1805 aut
503 1755 616 1822 propter
637 1747 769 1805 uictoriae
791 1749 966 1820 cupiditatem
987 1757 1035 1807 aut
1055 1760 1168 1825 propter

135 1859 240 1930 gloriae
263 1863 308 1914 aut
330 1855 427 1927 etiarn,
449 1861 478 1911 ut
500 1855 543 1911 ius
566 1873 647 1911 suum
669 1861 697 1911 et
717 1855 872 1911 libertatem
893 1862 1029 1932 tenerent,
1051 1861 1168 1917 uulnera

134 1970 302 2036 exceperunt
322 1962 429 2019 fortiter
450 1968 476 2018 et
497 1963 632 2035 tulerunt,
661 1962 746 2018 iidem
768 1961 870 2019 omissa
891 1964 1066 2022 contentione
1089 1966 1168 2024 dolo·
1218 1973 1222 1990 ¹

135 2089 194 2128 rem
215 2070 306 2126 morbi
328 2068 401 2124 terre
423 2085 479 2123 non
501 2073 625 2139 possunt.
658 2069 756 2141 Neque
778 2069 852 2125 enim
873 2070 963 2142 illum,
987 2088 1070 2143 quem
1089 2073 1169 2130 facile

134 2181 267 2250 tulerant,
295 2177 401 2233 ratione
428 2180 474 2231 aut
501 2173 633 2247 sapientia
661 2175 796 2248 tulerant,
824 2177 874 2233 sed
902 2177 993 2234 studio
1022 2181 1115 2250 potius
1142 2187 1168 2238 et

136 2285 233 2357 gloria.
287 2287 382 2356 ltaque
415 2281 525 2339 barbari
557 2281 671 2353 quidam
702 2288 729 2337 et
759 2283 894 2340 immanes
922 2283 997 2341 ferro
1026 2286 1167 2345 decertare

135 2391 267 2449 acerrime
288 2393 414 2462 possunt,
436 2394 579 2461 aegrotare
600 2388 718 2445 uiriliter
739 2406 795 2446 non
813 2399 931 2464 queunt3
955 2391 1166 2468 Graeciautem,

135 2472 261 2554 homines
283 2513 338 2553 non
362 2495 427 2553 satis
449 2493 576 2570 animosi,
598 2496 758 2569 prudentes,
781 2502 811 2553 ut
831 2503 874 2553 est
894 2504 989 2570 captus
1010 2499 1166 2574 bominum,

135 2605 217 2680 satis,
245 2604 354 2661 hostem
377 2602 500 2675 aspicere
523 2605 578 2659 no'n
600 2609 732 2677 possunt,
763 2605 854 2662 eidem
882 2608 996 2664 morbos
1018 2609 1167 2666 toleranter

47 2728 49 2734 ⁴
133 2719 215 2786 utque
236 2713 355 2768 humane
378 2711 477 2768 lerunt.
510 2711 546 2767 At
567 2709 671 2767 Cimbri
697 2716 724 2767 et
745 2711 878 2769 Celtiberi
897 2713 927 2784 ὐ
948 2713 1064 2786 proeliis
1087 2717 1167 2771 exul-

133 2827 203 2893 tant,
227 2820 407 2874 lamentantur
428 2818 456 2873 in
478 2817 594 2890 murbo;
622 2816 691 2872 nibil
719 2817 792 2874 enim
814 2824 905 2890 potest
926 2837 988 2876 esse
1009 2821 1165 2897 aequabile,

133 2927 208 3000 quod
230 2943 285 2981 nun
307 2942 323 2980 a
344 2930 417 2980 certa
439 2924 544 2979 ratione
566 2922 763 2995 proficiscatur.
808 2922 857 2982 66.
881 2924 936 2982 Sed
962 2943 1048 2999 quum
1070 2928 1165 2986 uideas

84 3095 90 3100 .
133 3035 198 3105 eos‘,
222 3031 269 3104 qui
291 3036 336 3086 aut
358 3028 449 3084 studio
471 3036 517 3084 aut
544 3027 676 3100 opinione
698 3028 840 3104 ducantur,
863 3031 891 3086 in
915 3049 948 3088 eo
971 3034 1164 3104 persequendo

132 3146 214 3212 atque
241 3136 420 3208 adipiscendo
448 3136 546 3192 dolore
574 3152 630 3191 non
658 3135 780 3210 frangi,·
799 3124 1086 3195 debeas'existimare
1119 3146 1165 3197 aut

131 3262 187 3304 non
210 3248 272 3301 e'sse
294 3244 396 3300 malum
418 3243 544 3299 dolorem
567 3248 622 3316 ant,
635 3242 767 3318 etiam-si,
791 3245 922 3318 quicquid
944 3262 1074 3318 asperum
1095 3247 1164 3302 alie-

132 3371 254 3427 numque
276 3357 370 3408 natura
392 3350 437 3424 sit,
460 3350 489 3406 id
510 3349 643 3420 appellari
665 3352 772 3423 placeat
792 3352 905 3425 malurn,
928 3353 1063 3408 tantulum
1074 3359 1164 3409 tamen

50 3448 55 3453 ⁸
133 3479 211 3535 esse,
235 3467 266 3518 ut
286 3479 302 3517 a
324 3459 427 3516 uirtute
448 3457 485 3514 ita
508 3457 656 3529 obruatur,
684 3464 715 3514 ut
736 3473 872 3531 nusquam
894 3465 1032 3531 appareat
1085 3459 1182 3527 Quae,

131 3569 274 3639 meditare,
298 3584 413 3640 quaeso,
437 3567 495 3640 dies
519 3571 546 3621 et
566 3570 677 3637 noctes3
700 3565 866 3622 latiuscnim
884 3565 1004 3622 manabit
1014 3566 1082 3621 baec
1094 3566 1162 3622 ratio

131 3681 159 3730 et
180 3674 318 3746 aliquanto
347 3674 480 3763 maiorem
507 3672 600 3728 locum
628 3687 711 3743 quam
737 3672 773 3728 de
799 3689 855 3730 uno
883 3672 981 3729 dolore
1009 3673 1163 3745 occupabit.

106 3973 109 3981 ,
197 3935 238 3984 64.
260 3937 469 4002 amplitudinem)
486 3938 562 3999 ampl.
580 3937 657 3987 animi
674 3938 726 3987 ΗΡ.
761 3937 828 4000 ampl
857 3935 964 4000 [animi]
985 3937 1017 3986 Ο.
1053 3937 1164 4001 tantum)

129 4025 213 4070 tumen
232 4020 262 4068 ll.
298 4016 349 4073 tam
368 4021 397 4070 P.
432 4021 475 4070 65.
494 4020 609 4086 bostem)
628 4023 756 4072 bominem
774 4023 804 4072 P.
840 4020 939 4084 eidem)
957 4023 1036 4073 iidem
1056 4024 1087 4074 0.
1116 4024 1163 4073 'le-

130 4109 200 4165 runt)
219 4105 266 4154 lert
283 4104 314 4153 ll.
