<?xml version="1.0" encoding="UTF-8"?>
<!DOCTYPE html PUBLIC "-//W3C//DTD XHTML 1.0 Transitional//EN"
    "http://www.w3.org/TR/xhtml1/DTD/xhtml1-transitional.dtd">
<html xmlns="http://www.w3.org/1999/xhtml" xml:lang="en" lang="en">
 <head>
  <title>
</title>
<meta http-equiv="Content-Type" content="text/html;charset=utf-8" />
  <meta name='ocr-system' content='tesseract 3.04.00' />
  <meta name='ocr-capabilities' content='ocr_page ocr_carea ocr_par ocr_line ocrx_word'/>
</head>
<body>
  <div class='ocr_page' id='page_1' title='image "./tusculanarumdis00treggoog_0223.png"; bbox 0 0 2610 4634; ppageno 0'>
   <div class='ocr_carea' id='block_1_1' title="bbox 130 238 983 306">
    <p class='ocr_par' dir='ltr' id='par_1_1' title="bbox 130 238 983 306">
     <span class='ocr_line' id='line_1_1' title="bbox 130 238 983 306; baseline -0.006 0"><span class='ocrx_word' id='word_1_1' title='bbox 130 238 192 306; x_wconf 75' lang='lat'><strong>&#39;192</strong></span> <span class='ocrx_word' id='word_1_2' title='bbox 319 254 433 302; x_wconf 85' lang='lat' dir='ltr'><strong>ruse.</strong></span> <span class='ocrx_word' id='word_1_3' title='bbox 455 254 616 303; x_wconf 83' lang='lat' dir='ltr'><strong>orsuur.</strong></span> <span class='ocrx_word' id='word_1_4' title='bbox 660 253 739 300; x_wconf 81' lang='lat' dir='ltr'><strong>urs.</strong></span> <span class='ocrx_word' id='word_1_5' title='bbox 761 243 796 299; x_wconf 90' lang='lat' dir='ltr'><strong>v.</strong></span> <span class='ocrx_word' id='word_1_6' title='bbox 825 257 907 300; x_wconf 72' lang='lat' dir='ltr'><strong>cnr.</strong></span> <span class='ocrx_word' id='word_1_7' title='bbox 931 241 983 303; x_wconf 83' lang='lat'><strong>41.</strong></span> 
     </span>
    </p>
   </div>
   <div class='ocr_carea' id='block_1_2' title="bbox 82 418 1175 1900">
    <p class='ocr_par' dir='ltr' id='par_1_2' title="bbox 128 418 1165 946">
     <span class='ocr_line' id='line_1_2' title="bbox 129 418 1164 519; baseline 0.004 -17"><span class='ocrx_word' id='word_1_8' title='bbox 129 459 216 519; x_wconf 92' lang='lat' dir='ltr'><strong>quum</strong></span> <span class='ocrx_word' id='word_1_9' title='bbox 237 461 271 502; x_wconf 87' lang='lat' dir='ltr'><strong>ca</strong></span> <span class='ocrx_word' id='word_1_10' title='bbox 291 460 333 518; x_wconf 83' lang='lat' dir='ltr'><strong>rr,</strong></span> <span class='ocrx_word' id='word_1_11' title='bbox 353 449 411 502; x_wconf 87' lang='lat' dir='ltr'><strong>non</strong></span> <span class='ocrx_word' id='word_1_12' title='bbox 433 418 528 501; x_wconf 80' lang='lat' dir='ltr'><strong>uerbis</strong></span> <span class='ocrx_word' id='word_1_13' title='bbox 549 444 779 517; x_wconf 68' lang='lat' dir='ltr'><strong>ponderarentuq</strong></span> <span class='ocrx_word' id='word_1_14' title='bbox 800 461 912 503; x_wconf 87' lang='lat' dir='ltr'><strong>causam</strong></span> <span class='ocrx_word' id='word_1_15' title='bbox 934 462 1000 503; x_wconf 84' lang='lat' dir='ltr'><strong>esse</strong></span> <span class='ocrx_word' id='word_1_16' title='bbox 1021 445 1164 506; x_wconf 89' lang='lat' dir='ltr'><strong>dissidendi</strong></span> 
     </span>
     <span class='ocr_line' id='line_1_3' title="bbox 128 550 1165 628; baseline 0.004 -20"><span class='ocrx_word' id='word_1_17' title='bbox 128 553 257 628; x_wconf 76' lang='lat' dir='ltr'><strong>negabat.</strong></span> <span class='ocrx_word' id='word_1_18' title='bbox 289 552 382 620; x_wconf 81' lang='lat' dir='ltr'><strong>Quare</strong></span> <span class='ocrx_word' id='word_1_19' title='bbox 400 551 474 608; x_wconf 88' lang='lat' dir='ltr'><strong>hunc</strong></span> <span class='ocrx_word' id='word_1_20' title='bbox 489 552 583 617; x_wconf 89' lang='lat' dir='ltr'><strong>locum</strong></span> <span class='ocrx_word' id='word_1_21' title='bbox 604 557 757 615; x_wconf 89' lang='lat' dir='ltr'><strong>ceterarum</strong></span> <span class='ocrx_word' id='word_1_22' title='bbox 779 550 991 624; x_wconf 88' lang='lat' dir='ltr'><strong>disciplinarum</strong></span> <span class='ocrx_word' id='word_1_23' title='bbox 1013 553 1165 628; x_wconf 82' lang='lat' dir='ltr'>philosophi</span> 
     </span>
     <span class='ocr_line' id='line_1_4' title="bbox 129 656 1164 732; baseline -0.002 -16"><span class='ocrx_word' id='word_1_24' title='bbox 129 659 365 732; x_wconf 80' lang='lat' dir='ltr'><strong>quemadmodum</strong></span> <span class='ocrx_word' id='word_1_25' title='bbox 396 657 522 715; x_wconf 85' lang='lat' dir='ltr'><strong>obtinere</strong></span> <span class='ocrx_word' id='word_1_26' title='bbox 557 656 682 730; x_wconf 84' lang='lat' dir='ltr'><strong>possint,</strong></span> <span class='ocrx_word' id='word_1_27' title='bbox 709 656 769 729; x_wconf 85' lang='lat' dir='ltr'><strong>ipsi·</strong></span> <span class='ocrx_word' id='word_1_28' title='bbox 793 658 927 723; x_wconf 70' lang='lat' dir='ltr'><strong>uiderint</strong></span> <span class='ocrx_word' id='word_1_29' title='bbox 969 659 1056 718; x_wconf 81' lang='lat' dir='ltr'><strong>Mihi</strong></span> <span class='ocrx_word' id='word_1_30' title='bbox 1084 666 1164 717; x_wconf 82' lang='lat' dir='ltr'><strong>tamen</strong></span> 
     </span>
     <span class='ocr_line' id='line_1_5' title="bbox 129 758 1164 848; baseline -0.001 -25"><span class='ocrx_word' id='word_1_31' title='bbox 129 773 239 838; x_wconf 71' lang='lat' dir='ltr'><strong>gratum</strong></span> <span class='ocrx_word' id='word_1_32' title='bbox 259 771 311 837; x_wconf 73' lang='lat' dir='ltr'><strong>est,</strong></span> <span class='ocrx_word' id='word_1_33' title='bbox 334 765 410 848; x_wconf 87' lang='lat' dir='ltr'><strong>quod</strong></span> <span class='ocrx_word' id='word_1_34' title='bbox 431 764 466 820; x_wconf 92' lang='lat' dir='ltr'><strong>de</strong></span> <span class='ocrx_word' id='word_1_35' title='bbox 488 764 655 836; x_wconf 88' lang='lat' dir='ltr'><strong>sapientium</strong></span> <span class='ocrx_word' id='word_1_36' title='bbox 676 758 810 837; x_wconf 82' lang='lat' dir='ltr'><strong>perpetua</strong></span> <span class='ocrx_word' id='word_1_37' title='bbox 827 765 899 822; x_wconf 89' lang='lat' dir='ltr'><strong>bene</strong></span> <span class='ocrx_word' id='word_1_38' title='bbox 916 764 1034 823; x_wconf 89' lang='lat' dir='ltr'><strong>uiuendi</strong></span> <span class='ocrx_word' id='word_1_39' title='bbox 1047 766 1164 824; x_wconf 78' lang='lat' dir='ltr'><strong>facultate</strong></span> 
     </span>
     <span class='ocr_line' id='line_1_6' title="bbox 131 871 943 946; baseline -0.002 -16"><span class='ocrx_word' id='word_1_40' title='bbox 131 873 248 944; x_wconf 73' lang='lat' dir='ltr'><strong>dignum</strong></span> <span class='ocrx_word' id='word_1_41' title='bbox 269 871 401 945; x_wconf 86' lang='lat' dir='ltr'><strong>quiddam</strong></span> <span class='ocrx_word' id='word_1_42' title='bbox 423 871 656 946; x_wconf 85' lang='lat' dir='ltr'><strong>philosophorum</strong></span> <span class='ocrx_word' id='word_1_43' title='bbox 678 887 747 927; x_wconf 90' lang='lat' dir='ltr'><strong>uoce</strong></span> <span class='ocrx_word' id='word_1_44' title='bbox 769 872 943 944; x_wconf 86' lang='lat' dir='ltr'><strong>profitentur.</strong></span> 
     </span>
    </p>

    <p class='ocr_par' dir='ltr' id='par_1_3' title="bbox 82 961 1175 1900">
     <span class='ocr_line' id='line_1_7' title="bbox 217 961 1164 1051; baseline -0.001 -15"><span class='ocrx_word' id='word_1_45' title='bbox 217 975 287 1036; x_wconf 84' lang='lat'><strong>121.</strong></span> <span class='ocrx_word' id='word_1_46' title='bbox 300 978 356 1035; x_wconf 88' lang='lat' dir='ltr'><strong>Sed</strong></span> <span class='ocrx_word' id='word_1_47' title='bbox 377 977 510 1050; x_wconf 87' lang='lat' dir='ltr'><strong>quoniam</strong></span> <span class='ocrx_word' id='word_1_48' title='bbox 530 994 611 1035; x_wconf 88' lang='lat' dir='ltr'><strong>mane</strong></span> <span class='ocrx_word' id='word_1_49' title='bbox 633 983 675 1033; x_wconf 90' lang='lat' dir='ltr'><strong>cst</strong></span> <span class='ocrx_word' id='word_1_50' title='bbox 697 978 830 1051; x_wconf 87' lang='lat' dir='ltr'><strong>eundum,</strong></span> <span class='ocrx_word' id='word_1_51' title='bbox 852 961 903 1034; x_wconf 85' lang='lat' dir='ltr'><strong>has</strong></span> <span class='ocrx_word' id='word_1_52' title='bbox 921 977 1049 1051; x_wconf 90' lang='lat' dir='ltr'><strong>quinque</strong></span> <span class='ocrx_word' id='word_1_53' title='bbox 1067 978 1164 1035; x_wconf 86' lang='lat' dir='ltr'><strong>dierum</strong></span> 
     </span>
     <span class='ocr_line' id='line_1_8' title="bbox 130 1078 1165 1157; baseline -0.001 -15"><span class='ocrx_word' id='word_1_54' title='bbox 130 1084 330 1157; x_wconf 82' lang='lat' dir='ltr'><strong>disputationes</strong></span> <span class='ocrx_word' id='word_1_55' title='bbox 351 1084 485 1141; x_wconf 86' lang='lat' dir='ltr'><strong>memoria</strong></span> <span class='ocrx_word' id='word_1_56' title='bbox 516 1078 792 1156; x_wconf 82' lang='lat' dir='ltr'><strong>comprehendamus.</strong></span> <span class='ocrx_word' id='word_1_57' title='bbox 842 1084 985 1156; x_wconf 80' lang='lat' dir='ltr'><strong>Equidem</strong></span> <span class='ocrx_word' id='word_1_58' title='bbox 1017 1102 1064 1141; x_wconf 90' lang='lat' dir='ltr'><strong>me</strong></span> <span class='ocrx_word' id='word_1_59' title='bbox 1093 1086 1165 1142; x_wconf 90' lang='lat' dir='ltr'><strong>etiam</strong></span> 
     </span>
     <span class='ocr_line' id='line_1_9' title="bbox 131 1188 1164 1265; baseline 0.001 -18"><span class='ocrx_word' id='word_1_60' title='bbox 131 1189 351 1261; x_wconf 90' lang='lat' dir='ltr'><strong>conscripturum</strong></span> <span class='ocrx_word' id='word_1_61' title='bbox 376 1189 504 1264; x_wconf 84' lang='lat' dir='ltr'><strong>arbitror,</strong></span> <span class='ocrx_word' id='word_1_62' title='bbox 538 1188 604 1265; x_wconf 86' lang='lat' dir='ltr'><strong>(ubi</strong></span> <span class='ocrx_word' id='word_1_63' title='bbox 626 1189 701 1246; x_wconf 90' lang='lat' dir='ltr'><strong>enim</strong></span> <span class='ocrx_word' id='word_1_64' title='bbox 731 1190 831 1246; x_wconf 90' lang='lat' dir='ltr'><strong>melius</strong></span> <span class='ocrx_word' id='word_1_65' title='bbox 859 1191 900 1246; x_wconf 90' lang='lat' dir='ltr'><strong>uti</strong></span> <span class='ocrx_word' id='word_1_66' title='bbox 927 1206 1079 1262; x_wconf 92' lang='lat' dir='ltr'><strong>possumus</strong></span> <span class='ocrx_word' id='word_1_67' title='bbox 1109 1192 1164 1264; x_wconf 74' lang='lat' dir='ltr'><strong>hoe,</strong></span> 
     </span>
     <span class='ocr_line' id='line_1_10' title="bbox 130 1288 1165 1372; baseline -0.001 -17"><span class='ocrx_word' id='word_1_68' title='bbox 130 1295 298 1355; x_wconf 86' lang='lat' dir='ltr'><strong>cuicuimodi</strong></span> <span class='ocrx_word' id='word_1_69' title='bbox 314 1303 365 1368; x_wconf 76' lang='lat' dir='ltr'><strong>est,</strong></span> <span class='ocrx_word' id='word_1_70' title='bbox 378 1288 474 1372; x_wconf 70' lang='lat' dir='ltr'><strong>otioi)</strong></span> <span class='ocrx_word' id='word_1_71' title='bbox 496 1297 531 1353; x_wconf 90' lang='lat' dir='ltr'><strong>ad</strong></span> <span class='ocrx_word' id='word_1_72' title='bbox 541 1297 713 1370; x_wconf 87' lang='lat' dir='ltr'><strong>Brutumque</strong></span> <span class='ocrx_word' id='word_1_73' title='bbox 735 1304 861 1354; x_wconf 87' lang='lat' dir='ltr'><strong>nostrum</strong></span> <span class='ocrx_word' id='word_1_74' title='bbox 883 1297 936 1354; x_wconf 91' lang='lat' dir='ltr'><strong>hos</strong></span> <span class='ocrx_word' id='word_1_75' title='bbox 958 1298 1049 1354; x_wconf 89' lang='lat' dir='ltr'><strong>libros</strong></span> <span class='ocrx_word' id='word_1_76' title='bbox 1072 1299 1165 1355; x_wconf 84' lang='lat' dir='ltr'><strong>alteros</strong></span> 
     </span>
     <span class='ocr_line' id='line_1_11' title="bbox 132 1402 1165 1478; baseline 0 -18"><span class='ocrx_word' id='word_1_77' title='bbox 132 1403 255 1477; x_wconf 89' lang='lat' dir='ltr'><strong>quinque</strong></span> <span class='ocrx_word' id='word_1_78' title='bbox 276 1402 432 1475; x_wconf 80' lang='lat' dir='ltr'><strong>mittemus,</strong></span> <span class='ocrx_word' id='word_1_79' title='bbox 461 1420 478 1458; x_wconf 84' lang='lat' dir='ltr'><strong>a</strong></span> <span class='ocrx_word' id='word_1_80' title='bbox 499 1419 555 1476; x_wconf 90' lang='lat' dir='ltr'><strong>quo</strong></span> <span class='ocrx_word' id='word_1_81' title='bbox 583 1419 638 1460; x_wconf 91' lang='lat' dir='ltr'><strong>non</strong></span> <span class='ocrx_word' id='word_1_82' title='bbox 660 1404 745 1459; x_wconf 91' lang='lat' dir='ltr'><strong>modo</strong></span> <span class='ocrx_word' id='word_1_83' title='bbox 767 1402 881 1474; x_wconf 85' lang='lat' dir='ltr'><strong>impulsi</strong></span> <span class='ocrx_word' id='word_1_84' title='bbox 903 1419 1001 1460; x_wconf 88' lang='lat' dir='ltr'><strong>sumus</strong></span> <span class='ocrx_word' id='word_1_85' title='bbox 1022 1406 1059 1462; x_wconf 87' lang='lat' dir='ltr'><strong>ad</strong></span> <span class='ocrx_word' id='word_1_86' title='bbox 1082 1405 1165 1478; x_wconf 90' lang='lat' dir='ltr'><strong>philo·</strong></span> 
     </span>
     <span class='ocr_line' id='line_1_12' title="bbox 130 1508 1165 1584; baseline -0.001 -17"><span class='ocrx_word' id='word_1_87' title='bbox 130 1509 247 1582; x_wconf 84' lang='lat' dir='ltr'><strong>sophiae</strong></span> <span class='ocrx_word' id='word_1_88' title='bbox 278 1509 460 1582; x_wconf 84' lang='lat' dir='ltr'><strong>scriptiones,</strong></span> <span class='ocrx_word' id='word_1_89' title='bbox 486 1525 584 1565; x_wconf 85' lang='lat' dir='ltr'><strong>uerum</strong></span> <span class='ocrx_word' id='word_1_90' title='bbox 601 1508 694 1568; x_wconf 70' lang='lat' dir='ltr'><strong>‚etiam</strong></span> <span class='ocrx_word' id='word_1_91' title='bbox 715 1509 843 1566; x_wconf 85' lang='lat' dir='ltr'><strong>lacessiti.</strong></span> <span class='ocrx_word' id='word_1_92' title='bbox 897 1510 931 1565; x_wconf 91' lang='lat' dir='ltr'><strong>In</strong></span> <span class='ocrx_word' id='word_1_93' title='bbox 960 1527 1018 1584; x_wconf 88' lang='lat' dir='ltr'><strong>quo</strong></span> <span class='ocrx_word' id='word_1_94' title='bbox 1041 1519 1165 1583; x_wconf 85' lang='lat' dir='ltr'><strong>quantum</strong></span> 
     </span>
     <span class='ocr_line' id='line_1_13' title="bbox 82 1614 1166 1696; baseline 0 -23"><span class='ocrx_word' id='word_1_95' title='bbox 82 1692 84 1696; x_wconf 9' lang='grc' dir='ltr'><em>Α</em></span> <span class='ocrx_word' id='word_1_96' title='bbox 131 1616 230 1673; x_wconf 88' lang='lat' dir='ltr'><strong>ceteris</strong></span> <span class='ocrx_word' id='word_1_97' title='bbox 252 1615 390 1689; x_wconf 81' lang='lat' dir='ltr'><strong>profuturi</strong></span> <span class='ocrx_word' id='word_1_98' title='bbox 412 1615 517 1685; x_wconf 77' lang='lat' dir='ltr'><strong>simus,</strong></span> <span class='ocrx_word' id='word_1_99' title='bbox 549 1631 606 1671; x_wconf 90' lang='lat' dir='ltr'><strong>non</strong></span> <span class='ocrx_word' id='word_1_100' title='bbox 627 1614 709 1673; x_wconf 80' lang='lat' dir='ltr'><strong>facilc</strong></span> <span class='ocrx_word' id='word_1_101' title='bbox 730 1615 897 1688; x_wconf 81' lang='lat' dir='ltr'><strong>dixerimus3</strong></span> <span class='ocrx_word' id='word_1_102' title='bbox 932 1617 1037 1674; x_wconf 89' lang='lat' dir='ltr'><strong>nostris</strong></span> <span class='ocrx_word' id='word_1_103' title='bbox 1060 1618 1166 1690; x_wconf 91' lang='lat' dir='ltr'><strong>quidem</strong></span> 
     </span>
     <span class='ocr_line' id='line_1_14' title="bbox 130 1720 1175 1795; baseline -0.001 -15"><span class='ocrx_word' id='word_1_104' title='bbox 130 1722 319 1780; x_wconf 80' lang='lat' dir='ltr'><strong>acerbissimis</strong></span> <span class='ocrx_word' id='word_1_105' title='bbox 340 1721 485 1778; x_wconf 88' lang='lat' dir='ltr'><strong>doloribus</strong></span> <span class='ocrx_word' id='word_1_106' title='bbox 507 1720 648 1795; x_wconf 85' lang='lat' dir='ltr'><strong>uariisque</strong></span> <span class='ocrx_word' id='word_1_107' title='bbox 663 1729 690 1778; x_wconf 90' lang='lat' dir='ltr'><strong>et</strong></span> <span class='ocrx_word' id='word_1_108' title='bbox 709 1721 833 1794; x_wconf 87' lang='lat' dir='ltr'><strong>undique</strong></span> <span class='ocrx_word' id='word_1_109' title='bbox 843 1721 1023 1779; x_wconf 76' lang='lat' dir='ltr'><strong>circumfusis</strong></span> <span class='ocrx_word' id='word_1_110' title='bbox 1037 1723 1175 1781; x_wconf 82' lang='lat' dir='ltr'><strong>molestiis·</strong></span> 
     </span>
     <span class='ocr_line' id='line_1_15' title="bbox 132 1817 669 1900; baseline 0.002 -16"><span class='ocrx_word' id='word_1_111' title='bbox 132 1829 184 1885; x_wconf 86' lang='lat' dir='ltr'><strong>alia</strong></span> <span class='ocrx_word' id='word_1_112' title='bbox 208 1829 284 1885; x_wconf 90' lang='lat' dir='ltr'><strong>nulla</strong></span> <span class='ocrx_word' id='word_1_113' title='bbox 304 1831 395 1900; x_wconf 87' lang='lat' dir='ltr'><strong>potuit</strong></span> <span class='ocrx_word' id='word_1_114' title='bbox 415 1827 536 1884; x_wconf 88' lang='lat' dir='ltr'><strong>inueniri</strong></span> <span class='ocrx_word' id='word_1_115' title='bbox 558 1817 669 1885; x_wconf 85' lang='lat' dir='ltr'><strong>leuatio.</strong></span> 
     </span>
    </p>
   </div>
   <div class='ocr_carea' id='block_1_3' title="bbox 119 2037 1166 2357">
    <p class='ocr_par' dir='ltr' id='par_1_4' title="bbox 119 2037 1166 2357">
     <span class='ocr_line' id='line_1_16' title="bbox 203 2037 1166 2112; baseline 0.006 -26"><span class='ocrx_word' id='word_1_116' title='bbox 203 2037 658 2104; x_wconf 71' lang='lat' dir='ltr'><strong>120.dissidendi)dcetdereudiltl’.</strong></span> <span class='ocrx_word' id='word_1_117' title='bbox 693 2039 943 2105; x_wconf 85' lang='lat' dir='ltr'><strong>quiddam)qutdnm</strong></span> <span class='ocrx_word' id='word_1_118' title='bbox 953 2043 1008 2093; x_wconf 81' lang='lat' dir='ltr'><strong>BP.</strong></span> <span class='ocrx_word' id='word_1_119' title='bbox 1036 2043 1094 2112; x_wconf 72' lang='lat'><strong>121.</strong></span> <span class='ocrx_word' id='word_1_120' title='bbox 1112 2044 1166 2105; x_wconf 85' lang='lat' dir='ltr'><strong>ptri-</strong></span> 
     </span>
     <span class='ocr_line' id='line_1_17' title="bbox 132 2118 1165 2191; baseline 0.004 -19"><span class='ocrx_word' id='word_1_121' title='bbox 132 2122 277 2187; x_wconf 86' lang='lat' dir='ltr'><strong>losoptriae)</strong></span> <span class='ocrx_word' id='word_1_122' title='bbox 294 2122 338 2172; x_wconf 84' lang='lat' dir='ltr'><strong>Sic</strong></span> <span class='ocrx_word' id='word_1_123' title='bbox 353 2123 420 2174; x_wconf 81' lang='lat' dir='ltr'><strong>Non.</strong></span> <span class='ocrx_word' id='word_1_124' title='bbox 436 2139 464 2188; x_wconf 83' lang='lat' dir='ltr'><strong>p.</strong></span> <span class='ocrx_word' id='word_1_125' title='bbox 484 2118 542 2174; x_wconf 79' lang='grc'><strong>134</strong></span> <span class='ocrx_word' id='word_1_126' title='bbox 561 2130 585 2174; x_wconf 89' lang='lat' dir='ltr'><strong>et</strong></span> <span class='ocrx_word' id='word_1_127' title='bbox 603 2123 667 2174; x_wconf 73' lang='lat'><strong><em>174.</em></strong></span> <span class='ocrx_word' id='word_1_128' title='bbox 691 2126 854 2188; x_wconf 80' lang='lat' dir='ltr'><strong>philosophos</strong></span> <span class='ocrx_word' id='word_1_129' title='bbox 871 2140 955 2190; x_wconf 82' lang='lat' dir='ltr'><strong>supra</strong></span> <span class='ocrx_word' id='word_1_130' title='bbox 972 2129 1089 2191; x_wconf 80' lang='lat' dir='ltr'><strong>ascripto</strong></span> <span class='ocrx_word' id='word_1_131' title='bbox 1107 2128 1165 2178; x_wconf 81' lang='lat' dir='ltr'><strong>icti.</strong></span> 
     </span>
     <span class='ocr_line' id='line_1_18' title="bbox 132 2206 1165 2276; baseline 0.006 -20"><span class='ocrx_word' id='word_1_132' title='bbox 132 2208 358 2276; x_wconf 77' lang='lat' dir='ltr'><strong>philosophicasl‘.</strong></span> <span class='ocrx_word' id='word_1_133' title='bbox 392 2206 559 2273; x_wconf 82' lang='lat' dir='ltr'><strong>scriptiones)</strong></span> <span class='ocrx_word' id='word_1_134' title='bbox 577 2208 620 2261; x_wconf 83' lang='lat' dir='ltr'><strong>Sic</strong></span> <span class='ocrx_word' id='word_1_135' title='bbox 628 2209 697 2261; x_wconf 79' lang='lat' dir='ltr'><strong>Non.</strong></span> <span class='ocrx_word' id='word_1_136' title='bbox 704 2223 733 2272; x_wconf 88' lang='lat' dir='ltr'><strong>p.</strong></span> <span class='ocrx_word' id='word_1_137' title='bbox 744 2207 808 2260; x_wconf 76' lang='lat'><strong>174.</strong></span> <span class='ocrx_word' id='word_1_138' title='bbox 829 2211 996 2274; x_wconf 87' lang='lat' dir='ltr'><strong>scriptionem</strong></span> <span class='ocrx_word' id='word_1_139' title='bbox 1016 2213 1052 2261; x_wconf 81' lang='lat' dir='ltr'><strong>id</strong></span> <span class='ocrx_word' id='word_1_140' title='bbox 1064 2228 1094 2276; x_wconf 84' lang='lat' dir='ltr'><strong>p.</strong></span> <span class='ocrx_word' id='word_1_141' title='bbox 1106 2209 1165 2262; x_wconf 76' lang='grc'><strong>134.</strong></span> 
     </span>
     <span class='ocr_line' id='line_1_19' title="bbox 119 2285 562 2357; baseline 0.009 -16"><span class='ocrx_word' id='word_1_142' title='bbox 119 2289 229 2357; x_wconf 80' lang='lat' dir='ltr'><strong>simus)</strong></span> <span class='ocrx_word' id='word_1_143' title='bbox 246 2304 336 2344; x_wconf 87' lang='lat' dir='ltr'><strong>sumus</strong></span> <span class='ocrx_word' id='word_1_144' title='bbox 353 2294 407 2347; x_wconf 74' lang='grc' dir='ltr'><strong>ΒΡ.</strong></span> <span class='ocrx_word' id='word_1_145' title='bbox 557 2285 562 2294; x_wconf 85' lang='grc'><strong>“</strong></span> 
     </span>
    </p>
   </div>
   <div class='ocr_carea' id='block_1_4' title="bbox 0 0 1311 4634">
    <p class='ocr_par' dir='ltr' id='par_1_5' title="bbox 0 0 1311 4634">
     <span class='ocr_line' id='line_1_20' title="bbox 0 0 1311 4634; baseline 0 0"><span class='ocrx_word' id='word_1_146' title='bbox 0 0 1311 4634; x_wconf 95' lang='lat' dir='ltr'><strong> </strong></span> 
     </span>
    </p>
   </div>
  </div>
 </body>
</html>
