2610 4634
448 286 524 333 nro.
547 274 569 330 l.
613 288 696 333 cae.
718 271 852 334 20—21.
1133 275 1173 337 ta

132 478 211 553 quod
234 479 345 534 tandem
367 479 553 550 spectaculum
582 477 643 534 iore
670 485 815 553 putamus,
847 494 933 550 quum
960 484 1044 536 totam
1071 488 1171 538 terram

127 571 257 643 'contueri
270 585 373 642 ‘licebit
389 585 505 659 eiusque
525 602 611 658 quum
627 585 720 659 situm,
738 585 866 658 formam,
878 585 1171 660 circumscriptionem,

132 700 191 751 tum
212 699 240 749 et
261 692 427 752 habitabiles
454 692 583 764 regiones
606 698 633 750 et
653 709 764 749 rursum
786 693 860 749 omni
883 695 959 751 cultu
980 702 1094 768 propter
1115 697 1172 753 uim

130 800 247 873 frigoris
268 806 315 857 aut
336 800 436 857 caloris
458 796 612 857 necantes?
643 797 695 858 46.
724 800 783 856 Nos
812 800 886 856 euim
907 818 943 857 ne
965 820 1038 858 nunc
1059 805 1172 876 quidem

129 907 220 965 oeulis
243 909 382 964 cernimus
405 925 449 982 ee,
471 925 542 981 quae
566 907 710 979 uidemus;
733 923 823 979 neque
845 913 887 963 est
908 906 982 963 enim
1003 911 1078 965 ullus
1107 928 1187 984 seu-¹

129 1033 178 1074 sus
200 1015 230 1072 in
253 1031 387 1088 corpore;
410 1014 470 1089 sed,
494 1022 523 1072 ut
543 1031 598 1070 non
615 1012 724 1086 physici
741 1015 832 1071 solum
849 1014 959 1087 doceut,
976 1033 1073 1072 uerum
1090 1017 1171 1073 etiam

129 1122 244 1198 medici,
266 1123 315 1196 qui
337 1121 389 1178 ista
410 1127 504 1195 aperta
526 1128 554 1178 et
576 1121 709 1194 patefacta
732 1121 878 1195 uiderunt,
907 1122 969 1178 uiae
987 1124 1067 1195 quasi
1084 1141 1170 1197 quae·

131 1232 197 1288 dam
218 1230 338 1287 suntad
360 1231 476 1303 oeulos,
499 1230 534 1285 ad
555 1246 654 1303 aures,
682 1230 717 1285 ad
739 1246 820 1285 nares
842 1246 858 1285 a
880 1229 947 1285 sede
969 1230 1053 1286 animi
1075 1231 1170 1303 perio·

133 1344 216 1395 ratae.
261 1338 357 1410 ltaque
380 1353 462 1408 saepe
483 1342 531 1392 aut
551 1335 716 1408 cogitatione
738 1342 785 1393 aut
805 1335 897 1408 aliqua
918 1335 946 1391 ui
969 1336 1060 1394 morbi
1081 1337 1171 1411 impe·

130 1445 181 1503 diti
202 1443 305 1518 apertis
328 1450 409 1516 atque
431 1442 545 1516 integris
564 1451 592 1500 et
610 1442 698 1500 oculis
716 1450 744 1500 et
765 1443 877 1500 auribus
899 1459 950 1500 nec
972 1444 1098 1501 uidemus
1120 1462 1172 1502 nee

131 1551 279 1628 audimus,
301 1558 332 1608 ut
352 1550 435 1608 facile
456 1550 574 1622 intelligi
596 1550 686 1624 possit
706 1551 829 1607 animum
852 1557 879 1607 et
899 1551 996 1608 uidere
1016 1558 1046 1608 et
1066 1552 1171 1626 audire,

130 1677 187 1717 nun
209 1675 256 1717 eas
279 1664 380 1732 partes,
402 1675 474 1731 quae
497 1658 576 1732 quasi
598 1657 735 1714 fenestrae
758 1657 813 1713 sint
834 1657 934 1733 animi,
957 1658 1059 1732 quibus
1081 1666 1171 1715 umen

132 1766 236 1846 sentire
258 1765 327 1823 nihil
349 1772 432 1838 queat
452 1782 549 1838 mens,
582 1763 636 1821 nisi
663 1763 692 1821 id
720 1771 784 1836 agat
805 1771 832 1822 et
853 1765 932 1822 adsit
976 1763 1073 1834 Quid‘l
1095 1766 1171 1840 quod

132 1875 229 1932 eadem
252 1879 345 1931 mente
365 1890 410 1930 res
434 1872 634 1930 dissimillimas
657 1872 893 1946 comprendimus,
916 1880 946 1930 ut
967 1875 1102 1946 colorem,
1125 1891 1171 1931 sa·

132 1998 240 2055 ponem,
263 1982 395 2054 calorem,
420 1981 545 2053 odorem,
568 1996 679 2053 sonum,
702 1997 773 2052 quae
795 1997 937 2053 nunquam
958 1982 1081 2056 quinque
1098 2001 1170 2040 nun-

129 2088 176 2146 tiis
197 2087 307 2146 animus
328 2094 525 2160 cognosceret,
553 2087 607 2144 nisi
628 2087 663 2144 ad
685 2103 749 2143 eum
770 2086 862 2143 omnia
885 2088 1068 2162 reserrentur,
1098 2097 1126 2147 et
1145 2089 1171 2148 is

130 2195 256 2253 omnium
277 2195 361 2252 iudex
389 2197 465 2252 solus
488 2201 571 2252 esset
613 2194 705 2267 Atque
727 2211 759 2251 ea
781 2193 907 2266 prolecto
928 2202 986 2252 tum
1007 2198 1095 2253 multo
1116 2215 1170 2270 pu-

130 2304 205 2362 riora
227 2308 254 2360 et
275 2302 440 2358 dilucidiora
467 2307 630 2375 cernentur,
661 2317 767 2376 quum,
794 2319 851 2375 quo
878 2308 973 2360 natura
1000 2304 1067 2377 fert,
1099 2305 1172 2361 liber

130 2411 238 2468 animus
260 2409 426 2483 peruenerit
459 2407 592 2468 47-Nam
615 2426 689 2465 nunc
710 2409 832 2484 quidem,
855 2428 1013 2484 quanquam
1035 2411 1171 2468 foramina

130 2518 195 2592 illa,
223 2535 295 2590 quae
319 2523 415 2590 patent
443 2517 478 2574 ad
509 2516 631 2573 animum
653 2534 670 2573 a
691 2533 825 2589 corpore,
851 2517 1033 2574 callidissimo
1054 2518 1170 2576 artificio

130 2631 227 2683 natura
250 2621 381 2681 fabricata
403 2633 454 2698 est,
473 2630 566 2681 tamen
584 2622 700 2680 terrenis
717 2623 907 2696 concretisque
924 2624 1089 2695 corporibus
1107 2632 1170 2681 sunt

131 2733 296 2805 intersaepta
318 2732 542 2805 quodammod03
564 2747 651 2804 quum
673 2736 765 2787 autem
794 2729 863 2786 nihil
893 2730 946 2787 erit
970 2737 1080 2803 praeter
1109 2731 1170 2789 ani·

130 2858 222 2914 mum,
251 2841 329 2897 nulla
351 2856 396 2895 res
419 2838 527 2896 obiecta
549 2837 696 2912 impediet,
725 2854 780 2911 quo
803 2837 895 2894 minus
917 2838 1066 2911 percipiat,
1088 2840 1171 2912 quale

130 2948 249 3022 quicque
272 2946 316 3003 sit.
359 2947 439 3003 XXI.
475 2945 609 3015 Quamuis
637 2944 751 3017 copiose
780 2945 848 3002 haec
870 2944 1042 3019 diceremus,
1070 2946 1095 3003 si
1123 2963 1169 3003 res

131 3056 294 3129 postularet,
317 3070 401 3126 quam
422 3054 521 3127 multa,
548 3069 632 3126 quam
653 3053 739 3126 uaria,
762 3059 863 3125 quanta
885 3055 1040 3126 spectacula
1061 3053 1170 3110 animus

130 3162 159 3220 in
181 3161 250 3219 locis
273 3162 442 3219 coelestibus
464 3167 539 3217 esset
558 3159 712 3216 habiturus.
752 3158 802 3219 48.
821 3162 899 3230 Quae
915 3161 1027 3233 quidem
1045 3160 1169 3233 cogitans

132 3272 208 3328 solco
232 3287 316 3343 saepe
337 3267 432 3325 mirari
453 3269 653 3324 nonnullorum
670 3267 846 3324 insolentiam
863 3249 1105 3341 philosophorum,
1120 3268 1169 3341 qui

132 3385 244 3436 naturae
270 3376 457 3450 cognitionem
486 3374 656 3431 admirantur
680 3374 797 3447 eiusque
824 3374 963 3431 inuentori
995 3382 1023 3431 et
1051 3372 1169 3447 principi

132 3487 232 3557 gratias
255 3486 408 3542 exultantes
430 3488 516 3555 agunt
536 3499 655 3554 eumque
678 3488 845 3539 uenerantur
866 3488 895 3538 ut
915 3482 1014 3554 denm3
1036 3480 1168 3538 liberatos

132 3594 206 3650 enim
228 3611 258 3650 se
280 3609 331 3665 per
352 3608 417 3647 eum
442 3590 537 3647 dicum
565 3588 737 3661 grauissimis
765 3588 900 3660 dominis,
931 3592 1037 3644 terrore
1064 3586 1169 3659 sempi-

131 3706 210 3759 terno
233 3706 261 3758 et
280 3699 382 3756 'diurno
403 3715 436 3756 ac
457 3704 592 3755 nocturno
615 3702 699 3754 melu.
743 3697 806 3765 Quo
828 3690 958 3752 terrore?
990 3711 1047 3767 quo
1069 3690 1168 3751 metu?

198 3970 240 4024 46.
259 3971 383 4022 fenestrae
400 3969 466 4037 siut)
485 3972 501 4025 l.
520 3978 581 4021 suut
598 3969 629 4020 0.
674 3967 757 4032 Quid?
783 3966 866 4032 quod)
882 3968 926 4031 qui
943 3969 1011 4031 quod
1029 3967 1061 4019 ll.
1094 3980 1169 4016 corn-

132 4055 290 4119 prendimus)
306 4057 547 4121 comprehendimus
562 4057 595 4107 0.
630 4060 657 4106 et
675 4051 710 4118 is)
728 4058 756 4102 ut
777 4054 846 4103 idem
856 4051 888 4104 0.
924 4051 967 4104 tr.
985 4049 1168 4113 callidissimo)

132 4140 289 4191 calidissimo
307 4141 339 4192 u.
372 4139 415 4194 to.
433 4154 463 4193 ac
480 4139 617 4206 nocturno)
635 4153 652 4191 a
669 4144 791 4215 nocturno
808 4137 839 4188 ll.

939 4238 979 4287 2,.
