2610 4634
131 248 193 312 att
344 258 948 309 roacoaarr.nrsnurarrouuu

129 469 177 512 ane
196 457 290 510 nmen
309 449 460 524 plaudente
479 443 563 522 dicit)
584 449 694 510 nullum
713 448 832 522 sapienti
855 465 919 507 ease
939 454 1074 525 tempus,
1095 450 1172 508 etin

130 559 156 617 ei
175 565 289 630 uratur,
318 563 496 630 torqueatur,
519 561 644 630 secetur,
673 555 742 628 quin
764 552 855 628 possit
875 557 1052 615 exclamare:
1086 559 1173 626 Quam

130 682 183 741 pro
205 665 294 724 nubilo
315 667 400 737 putot
423 680 510 736 quum
527 663 688 735 praesertim
700 679 783 719 omne
800 663 906 719 malum
928 663 1030 720 dolore
1052 664 1171 739 deliniat,

131 775 239 831 bonum
259 773 413 845 uoluptate,
435 770 504 827 baec
525 776 619 834 nostra
640 768 773 842 bonesta,
796 769 888 841 turpia
909 769 1027 827 irrideat
1047 771 1171 845 dicatque

130 896 183 937 noa
203 880 233 936 in
255 879 371 936 uocilms
393 884 542 949 occupatos
563 876 660 933 inanes
681 893 766 933 sonos
783 861 1170 950 lundere'nequequicquam

131 987 166 1044 ad
188 1002 239 1042 noa
262 984 417 1058 pertinere,
446 982 499 1038 nisi
529 984 605 1055 quod
626 989 674 1040 aut
694 984 757 1040 leue
780 990 827 1039 aut
848 999 982 1055 asperum
1003 985 1034 1039 iu
1055 1000 1168 1056 corpore

131 1091 280 1163 sontiatum
303 1088 368 1145 bule
389 1104 476 1161 ergo,
498 1095 530 1144 ut
550 1089 626 1163 dixi,
648 1102 704 1145 nou
725 1092 843 1146 multum
864 1089 1008 1146 dillerenti
1030 1107 1046 1147 a
1067 1090 1166 1148 iudicio

130 1198 253 1256 terarum
274 1196 403 1252 obliuisci
424 1195 519 1251 licebit
542 1195 585 1252 sui
607 1202 635 1252 et
654 1201 713 1252 tum
732 1194 869 1252 fortunam
882 1202 1075 1270 contemnere,
1088 1214 1168 1270 quum

129 1304 168 1368 ait
188 1319 271 1360 omae
292 1309 321 1360 et
340 1303 446 1358 bonnm
468 1301 527 1358 eiua
549 1303 580 1358 et
599 1304 704 1359 malum
728 1302 759 1358 in
780 1307 916 1375 potestate
937 1303 1087 1376 fortunae,
1114 1284 1174 1360 tum*

131 1410 224 1469 dicere
252 1426 283 1466 aa
311 1410 422 1465 beatum
449 1408 480 1465 iu
508 1425 616 1465 summo
645 1409 766 1466 cruciatu
788 1415 870 1482 atque
891 1410 1057 1482 tormentis,
1088 1425 1168 1484 quum

131 1517 303 1575 constituerit
323 1533 379 1572 non
400 1516 485 1572 modo
508 1532 646 1572 summum
667 1516 771 1572 malum
793 1530 856 1571 esse
872 1516 1013 1590 dolorem,
1028 1517 1169 1574 sedetiam

132 1619 247 1681 solum?
268 1621 320 1680 74.
342 1623 401 1679 Nec
422 1638 491 1679 uero
512 1621 559 1678 illa
580 1622 634 1678 sibi
655 1622 776 1678 remedia
798 1622 971 1694 comparauit
992 1624 1029 1680 ad
1051 1625 1169 1680 toleran-

130 1731 198 1787 dum
219 1730 357 1802 dolorem,
379 1729 534 1786 firmitatem
554 1727 649 1801 animi,
671 1713 849 1800 turpitudinis
867 1730 1080 1802 uerecundiam,
1092 1746 1170 1788 exer-

130 1834 288 1892 citationem
319 1835 603 1907 consuetudinemque
634 1833 771 1908 patiendi,
803 1841 950 1908 praecepta
982 1831 1170 1910 tortitudinis,

131 1940 259 1998 duritiam
291 1939 417 2012 uirilem,
452 1941 502 1996 aed
534 1957 589 1997 una
616 1958 646 1997 se
678 1941 744 1997 dicit
770 1917 964 1998 recordatione
992 1943 1171 2016 acquiescere

130 2046 340 2133 praeteritamm
351 2048 532 2119 uoluptatum,
545 2053 576 2102 ut
594 2047 618 2103 si
637 2048 700 2121 quis
717 2054 857 2117 aestuans,
879 2064 966 2120 quum
989 2049 1048 2105 uim
1072 2050 1173 2107 caloris

131 2172 189 2213 non
210 2154 293 2211 lacile
313 2152 445 2227 patiatur,
473 2154 615 2210 reeordari
642 2155 710 2211 umit
737 2169 799 2211 sese
821 2154 970 2228 aliquando
993 2155 1024 2212 in
1046 2151 1174 2229 Arpinati

131 2269 227 2320 noatm
249 2260 351 2334 gelidis
371 2260 531 2317 llnminibus
553 2260 750 2319 circumfusum
771 2256 868 2318 luisse.
901 2260 964 2317 Non
982 2261 1061 2318 anim
1076 2263 1173 2337 uideo,

132 2366 189 2442 duo
211 2369 296 2425 modo
317 2368 414 2424 sedare
436 2368 545 2439 possint
564 2369 637 2424 mala
658 2367 812 2440 praesentia
828 2366 990 2439 praeteritae
1001 2370 1174 2442 uoluptatem

132 2471 182 2534 to.
217 2476 273 2531 Sed
302 2490 389 2548 quum
410 2474 434 2530 ia
461 2470 541 2531 dicat'
556 2490 668 2546 semper
693 2474 806 2532 beatum
832 2490 896 2532 esse
924 2475 1095 2549 sapientem,
1128 2477 1175 2533 eui

131 2581 224 2638 dicere
240 2581 309 2654 boc,
332 2581 356 2637 si
378 2580 433 2636 sibi
455 2556 581 2637 constare
600 2582 696 2652 uallet,
719 2597 775 2637 non
796 2581 903 2655 liceret,
913 2581 1053 2655 quidnam
1065 2582 1175 2641 taciem

132 2689 199 2745 dum
221 2687 333 2761 estiis,
363 2689 411 2761 qui
433 2687 503 2745 nibil
525 2682 725 2761 expetendum,
752 2683 824 2745 nibil
845 2685 874 2744 in
897 2687 978 2745 bouis
999 2688 1175 2762 ducendum,

131 2795 209 2869 qued
231 2795 372 2852 bouestate
394 2802 498 2869 careat,
522 2791 701 2853 existimant?
744 2795 792 2852 Me
818 2795 933 2868 quidem
953 2801 1067 2851 auctore
1087 2795 1176 2852 etiam

131 2900 307 2973 Peripatetici
327 2895 497 2974 ueteresque
521 2901 680 2958 Academici
708 2900 847 2958 balbutire
872 2900 1020 2974 aliquando
1044 2900 1176 2958 desinant

131 3012 281 3079 aperteque
309 3012 337 3062 et
363 3008 437 3063 clara
459 3023 528 3063 uoce
549 3007 667 3063 audeant
687 3007 780 3064 dicere
809 3002 918 3064 beatam
938 3006 1024 3064 uimm
1044 3007 1076 3064 in
1098 3008 1175 3065 Pba·

131 3112 228 3170 laridrs
249 3116 358 3166 taurum
379 3111 586 3168 descensuram.

133 3260 137 3265 -
215 3218 337 3275 xxvll.
370 3216 421 3276 76.
455 3219 516 3276 Sint
533 3218 617 3296 ,euim
643 3218 696 3275 tria
717 3235 820 3291 genera
840 3221 995 3292 bonorum,
1023 3226 1057 3277 ut
1077 3218 1174 3278 iama

131 3326 239 3400 laqueis
262 3326 429 3400 Stoicomm,
452 3327 554 3399 quibus
575 3342 658 3385 usum
678 3339 724 3382 me
745 3325 883 3400 pluribus,
905 3342 991 3398 quiam
1011 3328 1104 3400 soleo,
1128 3327 1174 3383 in·

132 3434 247 3506 lolligo,
266 3432 448 3507 recedamua3
481 3432 536 3490 sint
556 3451 622 3492 sane
642 3433 692 3491 illa
713 3448 815 3505 genera
836 3432 993 3507 bouomm,
1014 3433 1084 3489 dum
1106 3450 1173 3491 cor·

132 3539 210 3612 poris
232 3544 261 3596 et
287 3542 401 3595 externa
421 3538 527 3597 iaceant
553 3538 630 3598 bumi
659 3546 686 3598 et
712 3541 919 3614 tantummodo,
948 3539 1014 3614 quia
1034 3539 1175 3598 sumenda

200 3750 277 3798 etiarn
295 3747 333 3813 si)
353 3749 400 3798 etsi
420 3748 451 3798 0.
487 3748 561 3813 lene)
579 3753 636 3802 leno
659 3754 687 3802 P.
727 3751 770 3806 tl.
794 3752 975 3816 uoluptatum)
998 3752 1171 3813 uoluptatium

131 3831 186 3882 ΒΡ.
222 3831 294 3895 sese]
312 3845 369 3883 esse
388 3834 419 3881 ll.
455 3839 484 3884 ee
500 3834 529 3883 P.
556 3847 586 3884 se
607 3835 639 3887 0.
678 3837 720 3886 75.
738 3837 792 3897 lis)
810 3838 849 3887 bis
866 3837 944 3887 ltro.
984 3832 1104 3898 auctore)
1127 3835 1172 3886 Sta

131 3915 197 3966 Non.
212 3929 241 3976 p.
259 3913 301 3963 80
327 3918 474 3967 auctoritate
491 3919 532 3980 ll,
548 3920 595 3968 aad
610 3933 677 3968 corr.
693 3921 724 3968 tn
739 3926 850 3974 auctore.
869 3918 1024 3982 aperteque)
1037 3926 1124 3981 aperte
1139 3921 1170 3971 P.

131 3998 325 4062 descensuram)
342 4001 511 4053 decantarem
527 4003 559 4053 ll.
593 4002 637 4052 to.
656 4002 729 4078 Sint)
743 4005 865 4054 suntlll’.
895 4009 921 4053 et
937 4004 1051 4071 externa)
1068 4009 1171 4057 externa
