2610 4634
180 244 223 307 10
384 257 617 305 ruscunxs.
650 257 1004 304 orsrurnrrouurr

177 440 368 524 ἐνδελέχειαν
391 449 512 521 appellat
532 464 608 505 nouo
635 448 748 505 nominc
769 448 849 521 quasi
870 446 1010 521 quandam
1031 448 1218 506 continuatam

178 555 331 612 motionem
353 560 381 612 et
400 572 561 628 perennem.

263 661 315 720 Xl.
338 662 399 719 Nisi
420 678 492 734 quae
513 677 558 717 me
579 660 650 718 sorte
673 661 797 733 lugiunt,
826 660 878 718 hae
903 666 967 717 suut
987 661 1047 717 tere
1068 662 1104 718 de
1126 661 1218 719 animo

178 767 340 826 sententiae.
383 767 574 825 Democritum
597 766 688 840 enim,
716 782 848 836 maguum
870 768 951 824 illum
972 767 1086 840 quidem
1108 767 1217 841 uirum,

178 876 229 932 sed
251 874 362 931 leuibus
384 881 411 931 et
431 874 558 931 rotundis
580 873 751 945 corpusculis
770 873 935 930 efficientem
945 877 1069 931 animum
1080 891 1218 930 concursu

177 982 300 1055 quodam
322 981 453 1055 fortuito,
477 980 643 1037 omittamus.
686 979 763 1036 Nihil
785 986 827 1037 est
848 981 923 1037 enim
945 979 1018 1053 apud
1040 980 1118 1053 istos,
1141 981 1217 1053 quod

178 1104 235 1145 uon
257 1094 412 1144 atomorum
434 1089 515 1145 turba
536 1086 670 1144 conficiat.
713 1084 764 1144 23.
786 1087 893 1143 Harum
921 1087 1118 1143 sententiarum
1146 1104 1216 1160 quae

177 1211 245 1251 uera
278 1193 329 1267 sit,
363 1194 432 1252 deus
463 1193 548 1268 aliqui
580 1193 697 1266 uiderit3
730 1210 801 1266 quae
833 1193 894 1250 ueri
927 1193 1083 1263 simillima,
1115 1211 1216 1265 magna

177 1302 302 1374 quaestio
326 1308 376 1358 est.
421 1303 517 1360 Utrum
538 1302 622 1373 igitur
643 1300 713 1356 inter
741 1275 789 1356 has
812 1300 960 1357 sententias
983 1299 1135 1356 diiudicare
1157 1318 1216 1358 ma-

178 1409 282 1481 lumus,
304 1425 340 1464 an
362 1409 396 1464 ad
418 1408 592 1482 propositum
615 1404 727 1464 redire?
749 1409 783 1463 A.
796 1408 935 1479 Cuperem
957 1407 1087 1480 equidem
1107 1413 1216 1464 utrum·

178 1533 243 1589 que,
266 1516 290 1571 si
311 1522 423 1588 posset3
446 1517 496 1572 sed
518 1523 560 1572 est
581 1514 695 1571 diltioile
717 1514 896 1570 confundere.
940 1517 1033 1584 Quare
1055 1514 1090 1587 si,
1112 1522 1144 1571 ut
1164 1515 1215 1571 ista

157 1635 235 1679 *non
252 1621 432 1694 disserantur,
445 1621 557 1679 liberari
579 1620 676 1678 mortis
698 1627 773 1676 metu
794 1637 953 1695 possumus,
972 1621 1001 1676 id
1018 1638 1151 1695 agamus3
1173 1621 1215 1679 sin

176 1731 207 1788 id
227 1747 284 1786 nou
304 1735 396 1802 potest
416 1728 470 1785 nisi
492 1728 543 1785 hac
564 1727 725 1801 quaestione
747 1744 901 1783 ammorum
918 1728 1062 1802 explicata,
1085 1746 1168 1803 nunc,
1192 1729 1216 1786 si

177 1836 296 1907 uidetur,
319 1837 382 1909 hoe,
405 1834 474 1890 illud
496 1835 574 1891 alias.
617 1835 657 1892 M.
680 1834 763 1902 Quod
784 1836 868 1890 malle
889 1841 916 1890 te
937 1834 1074 1909 intelligo,
1096 1835 1127 1892 id
1147 1841 1215 1908 puto

177 1959 239 2000 esse
261 1940 443 1998 commodius.
485 1940 596 1997 Edicict
618 1939 692 1996 enim
713 1941 792 2016 ratio,
815 1947 860 2015 ut,
884 1958 1064 2015 quaecunque
1085 1959 1154 1998 uera
1175 1948 1217 1999 est

177 2066 272 2108 carum
300 2048 510 2124 sententiarum,
539 2064 607 2121 quas
636 2047 769 2122 exposui,
800 2064 876 2104 mors
904 2053 951 2104 aut
977 2051 1081 2106 malum
1103 2066 1159 2105 non
1181 2049 1216 2105 sit

177 2162 224 2214 aut
246 2155 282 2213 sit
302 2157 407 2212 honum
427 2153 531 2227 potius.
574 2152 626 2213 24.
647 2156 718 2211 Nam
747 2154 770 2211 si
799 2172 847 2211 cor
868 2160 914 2211 aut
936 2156 1048 2227 sanguis
1070 2161 1117 2212 aut
1137 2173 1215 2212 cere·

176 2263 259 2320 hrum
281 2268 324 2320 cst
344 2262 462 2335 animus,
485 2267 568 2336 certe,
591 2261 722 2334 quoniam
744 2267 786 2318 est
806 2278 919 2335 corpus,
942 2262 1064 2318 interibit
1085 2279 1147 2319 cum
1169 2279 1214 2318 re-

176 2369 254 2442 liquo
277 2372 403 2441 corpor'e.
448 2368 478 2425 Si
500 2368 590 2424 anima
618 2375 675 2441 cst,
705 2369 822 2424 tortasse
849 2368 1044 2442 dissipabitur3
1078 2369 1101 2425 si
1129 2369 1213 2444 iguis,

177 2476 367 2548 extinguetur3
391 2473 414 2531 si
436 2482 477 2532 est
497 2475 656 2532 Aristoxeni
678 2476 838 2551 harmonia,
862 2476 1038 2533 dissoluetur.
1082 2475 1159 2544 Quid
1179 2476 1215 2531 de
1257 2460 1260 2465 ¹

176 2582 347 2640 Dicaearcho
369 2581 475 2656 dicam,
503 2583 552 2656 qui
580 2582 649 2638 nihil
671 2582 785 2638 omnino
807 2582 928 2639 animum
950 2582 1023 2638 dieat
1043 2579 1128 2638 esse?
1162 2582 1214 2639 llis

177 2690 318 2747 sententiis
341 2690 469 2746 omnihus
496 2690 565 2746 nihil
594 2696 659 2762 post
685 2696 801 2746 mortem
828 2690 967 2762 pertinere
993 2690 1029 2745 ad
1055 2706 1215 2762 quenquam

116 2777 125 2803 x
177 2804 283 2872 potest;
310 2796 412 2869 pariter
435 2797 594 2853 enimcum
616 2797 671 2853 uita
694 2813 791 2853 seusus
813 2795 960 2865 amittitur3
991 2812 1049 2852 non
1072 2795 1214 2853 sentientis

176 2911 268 2961 autem
295 2902 364 2959 nihil
398 2908 441 2958 est
467 2903 552 2957 ullam
581 2901 609 2959 in
637 2908 742 2975 partem
769 2903 843 2975 quod
871 2901 987 2960 intersit.
1031 2903 1215 2975 Reliquorum

177 3010 328 3068 sententiae
350 3023 429 3080 spem
450 3004 575 3080 afferunt,
598 3009 622 3065 si
644 3015 670 3066 te
692 3009 746 3067 hoe
763 3011 834 3066 torte
851 3009 984 3090 delectat,
995 3026 1078 3082 posse
1095 3010 1214 3084 animos,

177 3133 263 3190 quum
286 3132 301 3172 e
324 3113 487 3186 corporibus
510 3116 687 3190 excesserint,
706 3118 736 3174 in
758 3116 867 3174 coelum
890 3115 969 3188 quasi
991 3116 1019 3172 in
1042 3117 1215 3173 domicilium

177 3239 259 3281 suum
281 3221 438 3295 peruenire.
480 3223 515 3280 Δ.
537 3224 585 3282 lde
607 3239 674 3279 uero
697 3224 822 3296 delectat,
844 3222 929 3295 idque
951 3222 1072 3295 primum
1093 3225 1130 3280 ita
1152 3240 1214 3280 esso

177 3329 273 3403 uelim,
296 3327 406 3400 deinde,
430 3329 635 3386 etiamsinon
658 3329 703 3402 sit,
730 3330 801 3387 mihi
821 3331 983 3403 persuaderi
1006 3337 1095 3386 tamen
1117 3329 1213 3388 uelim.

177 3438 218 3498 Μ.
252 3437 326 3507 Quid
352 3435 403 3494 tibi
431 3450 498 3505 ergo
527 3451 611 3507 opera
639 3443 733 3494 nostra
760 3453 830 3510 opus
858 3435 922 3494 est?
954 3439 1027 3494 Num
1056 3437 1214 3510 eloquentia

177 3540 322 3598 Platonem
344 3557 475 3616 superare
496 3539 666 3614 possumus?
698 3545 808 3601 Euolue
836 3545 982 3616 diligenter
1009 3543 1069 3601 eius
1092 3560 1155 3600 eum
1178 3544 1212 3598 li-

177 3645 275 3720 brum,
304 3647 352 3720 qui
379 3655 422 3706 est
442 3649 477 3706 de
499 3648 608 3724 animo;
637 3651 756 3723 amplius
777 3652 854 3724 quod
876 3650 1032 3727 desideres,
1061 3649 1130 3707 nihil
1152 3649 1213 3706 erit

245 3844 287 3894 22.
314 3827 518 3913 ἐνδελέχειαν)
530 3852 708 3902 endelecheian
727 3853 759 3903 lt.
781 3833 970 3917 ἐντελέχειαν
992 3853 1023 3904 0.
1067 3854 1113 3904 me
1131 3851 1212 3918 sunt)

178 3928 241 3979 haec
257 3936 317 3980 sum
334 3931 367 3981 lt.
402 3946 487 3996 magu.
504 3937 577 3986 illum
595 3936 717 4001 quidem)
739 3951 823 3999 magu.
844 3938 915 4000 quid.
933 3938 969 3987 ill.
988 3937 1019 3987 0.
1055 3937 1212 4000 atomorum)

179 4026 268 4065 corum
286 4015 353 4065 Noa.
365 4015 471 4080 pm.
506 4019 547 4069 23
565 4034 731 4084 quaeeunque
749 4035 809 4072 uera
828 4025 877 4073 estl
894 4035 918 4084 q.
937 4035 998 4073 uera
1014 4023 1050 4073 sit
1066 4022 1122 4073 ΒΟ.
1149 4035 1213 4073 san·

178 4099 331 4166 undarum)
348 4100 488 4153 sentiarum
505 4101 537 4154 u.
571 4102 613 4154 24.
631 4105 679 4158 hoc
697 4105 771 4168 torte)
788 4105 852 4158 torte
867 4106 916 4157 hoc
934 4105 966 4161 0.
