<?xml version="1.0" encoding="UTF-8"?>
<!DOCTYPE html PUBLIC "-//W3C//DTD XHTML 1.0 Transitional//EN"
    "http://www.w3.org/TR/xhtml1/DTD/xhtml1-transitional.dtd">
<html xmlns="http://www.w3.org/1999/xhtml" xml:lang="en" lang="en">
 <head>
  <title>
</title>
<meta http-equiv="Content-Type" content="text/html;charset=utf-8" />
  <meta name='ocr-system' content='tesseract 3.04.00' />
  <meta name='ocr-capabilities' content='ocr_page ocr_carea ocr_par ocr_line ocrx_word'/>
</head>
<body>
  <div class='ocr_page' id='page_1' title='image "./tusculanarumdis00treggoog_0171.png"; bbox 0 0 2610 4634; ppageno 0'>
   <div class='ocr_carea' id='block_1_1' title="bbox 126 296 955 358">
    <p class='ocr_par' dir='ltr' id='par_1_1' title="bbox 126 296 955 358">
     <span class='ocr_line' id='line_1_1' title="bbox 126 296 955 358; baseline -0.008 0"><span class='ocrx_word' id='word_1_1' title='bbox 126 296 188 358; x_wconf 74' lang='lat' dir='ltr'><strong>lit)</strong></span> <span class='ocrx_word' id='word_1_2' title='bbox 339 309 570 355; x_wconf 73' lang='lat' dir='ltr'><strong>ruseuusx.</strong></span> <span class='ocrx_word' id='word_1_3' title='bbox 601 306 955 352; x_wconf 74' lang='lat' dir='ltr'><strong>orsunrurroxun</strong></span> 
     </span>
    </p>
   </div>
   <div class='ocr_carea' id='block_1_2' title="bbox 125 496 1164 2383">
    <p class='ocr_par' dir='ltr' id='par_1_2' title="bbox 125 496 1161 1090">
     <span class='ocr_line' id='line_1_2' title="bbox 125 496 1157 570; baseline -0.006 -12"><span class='ocrx_word' id='word_1_4' title='bbox 125 500 221 558; x_wconf 88' lang='lat' dir='ltr'><strong>motio.</strong></span> <span class='ocrx_word' id='word_1_5' title='bbox 259 500 437 557; x_wconf 84' lang='lat' dir='ltr'><strong>Constantem</strong></span> <span class='ocrx_word' id='word_1_6' title='bbox 459 499 533 554; x_wconf 90' lang='lat' dir='ltr'><strong>enim</strong></span> <span class='ocrx_word' id='word_1_7' title='bbox 555 496 693 570; x_wconf 84' lang='lat' dir='ltr'>quendam</span> <span class='ocrx_word' id='word_1_8' title='bbox 714 498 856 570; x_wconf 85' lang='lat' dir='ltr'><strong>uolumus,</strong></span> <span class='ocrx_word' id='word_1_9' title='bbox 878 496 1017 569; x_wconf 80' lang='lat' dir='ltr'><strong>sedatum,</strong></span> <span class='ocrx_word' id='word_1_10' title='bbox 1040 511 1157 567; x_wconf 76' lang='lat' dir='ltr'><strong>grauem,</strong></span> 
     </span>
     <span class='ocr_line' id='line_1_3' title="bbox 125 603 1161 678; baseline -0.003 -15"><span class='ocrx_word' id='word_1_11' title='bbox 125 607 245 663; x_wconf 86' lang='lat' dir='ltr'><strong>humano</strong></span> <span class='ocrx_word' id='word_1_12' title='bbox 266 606 358 663; x_wconf 89' lang='lat' dir='ltr'><strong>omnia</strong></span> <span class='ocrx_word' id='word_1_13' title='bbox 389 612 565 678; x_wconf 77' lang='lat' dir='ltr'><strong>spernentem</strong></span> <span class='ocrx_word' id='word_1_14' title='bbox 594 604 674 660; x_wconf 92' lang='lat' dir='ltr'><strong>illum</strong></span> <span class='ocrx_word' id='word_1_15' title='bbox 700 620 779 676; x_wconf 86' lang='lat' dir='ltr'><strong>esse,</strong></span> <span class='ocrx_word' id='word_1_16' title='bbox 803 619 887 675; x_wconf 88' lang='lat' dir='ltr'><strong>quem</strong></span> <span class='ocrx_word' id='word_1_17' title='bbox 909 603 1118 675; x_wconf 80' lang='lat' dir='ltr'><strong>magnanimum</strong></span> <span class='ocrx_word' id='word_1_18' title='bbox 1137 611 1161 660; x_wconf 90' lang='lat' dir='ltr'><strong>et</strong></span> 
     </span>
     <span class='ocr_line' id='line_1_4' title="bbox 126 709 1160 771; baseline -0.004 -1"><span class='ocrx_word' id='word_1_19' title='bbox 126 714 227 771; x_wconf 86' lang='lat' dir='ltr'><strong>lortem</strong></span> <span class='ocrx_word' id='word_1_20' title='bbox 248 714 340 770; x_wconf 88' lang='lat' dir='ltr'><strong>uirum</strong></span> <span class='ocrx_word' id='word_1_21' title='bbox 361 712 489 768; x_wconf 74' lang='lat' dir='ltr'><strong>dicimus.</strong></span> <span class='ocrx_word' id='word_1_22' title='bbox 533 711 609 767; x_wconf 89' lang='lat' dir='ltr'><strong>Talis</strong></span> <span class='ocrx_word' id='word_1_23' title='bbox 637 717 728 766; x_wconf 85' lang='lat' dir='ltr'><strong>eutem</strong></span> <span class='ocrx_word' id='word_1_24' title='bbox 755 727 807 765; x_wconf 90' lang='lat' dir='ltr'><strong>nee</strong></span> <span class='ocrx_word' id='word_1_25' title='bbox 834 727 962 766; x_wconf 83' lang='lat' dir='ltr'><strong>moerens</strong></span> <span class='ocrx_word' id='word_1_26' title='bbox 987 726 1041 767; x_wconf 88' lang='lat' dir='ltr'><strong>nee</strong></span> <span class='ocrx_word' id='word_1_27' title='bbox 1066 709 1160 767; x_wconf 82' lang='lat' dir='ltr'><strong>timeus</strong></span> 
     </span>
     <span class='ocr_line' id='line_1_5' title="bbox 126 816 1161 894; baseline -0.004 -18"><span class='ocrx_word' id='word_1_28' title='bbox 126 838 178 877; x_wconf 89' lang='lat' dir='ltr'><strong>nec</strong></span> <span class='ocrx_word' id='word_1_29' title='bbox 200 821 314 894; x_wconf 90' lang='lat' dir='ltr'><strong>enpiens</strong></span> <span class='ocrx_word' id='word_1_30' title='bbox 336 836 387 876; x_wconf 93' lang='lat' dir='ltr'><strong>uec</strong></span> <span class='ocrx_word' id='word_1_31' title='bbox 409 817 530 890; x_wconf 80' lang='lat' dir='ltr'><strong>gestiens</strong></span> <span class='ocrx_word' id='word_1_32' title='bbox 553 834 614 873; x_wconf 89' lang='lat' dir='ltr'><strong>esse</strong></span> <span class='ocrx_word' id='word_1_33' title='bbox 637 816 783 890; x_wconf 83' lang='lat' dir='ltr'><strong>quisquam</strong></span> <span class='ocrx_word' id='word_1_34' title='bbox 806 822 906 889; x_wconf 79' lang='lat' dir='ltr'><strong>potest.</strong></span> <span class='ocrx_word' id='word_1_35' title='bbox 960 817 1072 873; x_wconf 88' lang='lat' dir='ltr'><strong>Eorum</strong></span> <span class='ocrx_word' id='word_1_36' title='bbox 1094 817 1161 872; x_wconf 89' lang='lat' dir='ltr'><strong>enim</strong></span> 
     </span>
     <span class='ocr_line' id='line_1_6' title="bbox 126 923 1161 1000; baseline -0.007 -17"><span class='ocrx_word' id='word_1_37' title='bbox 126 927 195 983; x_wconf 89' lang='lat' dir='ltr'><strong>haee</strong></span> <span class='ocrx_word' id='word_1_38' title='bbox 215 933 289 1000; x_wconf 76' lang='lat' dir='ltr'><strong>sunt,</strong></span> <span class='ocrx_word' id='word_1_39' title='bbox 312 926 360 999; x_wconf 92' lang='lat' dir='ltr'><strong>qui</strong></span> <span class='ocrx_word' id='word_1_40' title='bbox 382 932 497 982; x_wconf 88' lang='lat' dir='ltr'><strong>euentus</strong></span> <span class='ocrx_word' id='word_1_41' title='bbox 520 924 657 980; x_wconf 83' lang='lat' dir='ltr'><strong>humanos</strong></span> <span class='ocrx_word' id='word_1_42' title='bbox 679 923 837 996; x_wconf 84' lang='lat' dir='ltr'><strong>superiores</strong></span> <span class='ocrx_word' id='word_1_43' title='bbox 861 940 946 996; x_wconf 85' lang='lat' dir='ltr'><strong>quam</strong></span> <span class='ocrx_word' id='word_1_44' title='bbox 968 939 1038 980; x_wconf 87' lang='lat' dir='ltr'><strong>suos</strong></span> <span class='ocrx_word' id='word_1_45' title='bbox 1060 923 1161 979; x_wconf 83' lang='lat' dir='ltr'><strong>animm</strong></span> 
     </span>
     <span class='ocr_line' id='line_1_7' title="bbox 127 1034 323 1090; baseline -0.005 -1"><span class='ocrx_word' id='word_1_46' title='bbox 127 1050 191 1090; x_wconf 85' lang='lat' dir='ltr'><strong>esse</strong></span> <span class='ocrx_word' id='word_1_47' title='bbox 213 1034 323 1089; x_wconf 83' lang='lat' dir='ltr'><strong>ducunt.</strong></span> 
     </span>
    </p>

    <p class='ocr_par' dir='ltr' id='par_1_3' title="bbox 126 1136 1164 2383">
     <span class='ocr_line' id='line_1_8' title="bbox 210 1136 1161 1211; baseline -0.002 -17"><span class='ocrx_word' id='word_1_48' title='bbox 210 1139 318 1210; x_wconf 74' lang='lat' dir='ltr'><strong>xxix.</strong></span> <span class='ocrx_word' id='word_1_49' title='bbox 346 1136 397 1197; x_wconf 77' lang='lat'><strong>62.</strong></span> <span class='ocrx_word' id='word_1_50' title='bbox 426 1138 519 1206; x_wconf 82' lang='lat' dir='ltr'><strong>Quare</strong></span> <span class='ocrx_word' id='word_1_51' title='bbox 541 1137 665 1193; x_wconf 91' lang='lat' dir='ltr'><strong>omnium</strong></span> <span class='ocrx_word' id='word_1_52' title='bbox 688 1137 937 1211; x_wconf 82' lang='lat' dir='ltr'><strong>philosophorum,</strong></span> <span class='ocrx_word' id='word_1_53' title='bbox 961 1143 993 1193; x_wconf 93' lang='lat' dir='ltr'><strong>ut</strong></span> <span class='ocrx_word' id='word_1_54' title='bbox 1014 1143 1077 1193; x_wconf 89' lang='lat' dir='ltr'><strong>ante</strong></span> <span class='ocrx_word' id='word_1_55' title='bbox 1099 1136 1161 1205; x_wconf 83' lang='lat' dir='ltr'><strong>dixi,</strong></span> 
     </span>
     <span class='ocr_line' id='line_1_9' title="bbox 126 1243 1163 1318; baseline -0.001 -18"><span class='ocrx_word' id='word_1_56' title='bbox 126 1262 181 1301; x_wconf 89' lang='lat' dir='ltr'><strong>una</strong></span> <span class='ocrx_word' id='word_1_57' title='bbox 202 1244 272 1301; x_wconf 85' lang='lat' dir='ltr'><strong>ratio</strong></span> <span class='ocrx_word' id='word_1_58' title='bbox 294 1252 335 1301; x_wconf 90' lang='lat' dir='ltr'><strong>est</strong></span> <span class='ocrx_word' id='word_1_59' title='bbox 355 1244 495 1318; x_wconf 82' lang='lat' dir='ltr'><strong>modendi,</strong></span> <span class='ocrx_word' id='word_1_60' title='bbox 518 1251 548 1300; x_wconf 94' lang='lat' dir='ltr'><strong>ut</strong></span> <span class='ocrx_word' id='word_1_61' title='bbox 569 1244 649 1316; x_wconf 85' lang='lat' dir='ltr'><strong>nihil,</strong></span> <span class='ocrx_word' id='word_1_62' title='bbox 673 1245 754 1316; x_wconf 85' lang='lat' dir='ltr'><strong>quale</strong></span> <span class='ocrx_word' id='word_1_63' title='bbox 777 1243 812 1300; x_wconf 90' lang='lat' dir='ltr'><strong>sit</strong></span> <span class='ocrx_word' id='word_1_64' title='bbox 832 1244 913 1314; x_wconf 86' lang='lat' dir='ltr'><strong>illud,</strong></span> <span class='ocrx_word' id='word_1_65' title='bbox 928 1243 1007 1316; x_wconf 86' lang='lat' dir='ltr'><strong>quod</strong></span> <span class='ocrx_word' id='word_1_66' title='bbox 1026 1244 1163 1316; x_wconf 86' lang='lat' dir='ltr'><strong>perturbet</strong></span> 
     </span>
     <span class='ocr_line' id='line_1_10' title="bbox 126 1349 1162 1424; baseline -0.002 -16"><span class='ocrx_word' id='word_1_67' title='bbox 126 1351 264 1421; x_wconf 80' lang='lat' dir='ltr'><strong>animum,</strong></span> <span class='ocrx_word' id='word_1_68' title='bbox 288 1351 337 1408; x_wconf 83' lang='lat' dir='ltr'><strong>sed</strong></span> <span class='ocrx_word' id='word_1_69' title='bbox 360 1353 394 1408; x_wconf 92' lang='lat' dir='ltr'><strong>de</strong></span> <span class='ocrx_word' id='word_1_70' title='bbox 416 1352 477 1424; x_wconf 90' lang='lat' dir='ltr'><strong>ipsa</strong></span> <span class='ocrx_word' id='word_1_71' title='bbox 499 1350 536 1407; x_wconf 87' lang='lat' dir='ltr'><strong>sit</strong></span> <span class='ocrx_word' id='word_1_72' title='bbox 556 1351 763 1421; x_wconf 82' lang='lat' dir='ltr'><strong>perturbatione</strong></span> <span class='ocrx_word' id='word_1_73' title='bbox 785 1351 944 1408; x_wconf 86' lang='lat' dir='ltr'><strong>dicendum.</strong></span> <span class='ocrx_word' id='word_1_74' title='bbox 989 1351 1088 1422; x_wconf 88' lang='lat' dir='ltr'><strong>ltaque</strong></span> <span class='ocrx_word' id='word_1_75' title='bbox 1109 1349 1162 1422; x_wconf 85' lang='lat' dir='ltr'><strong>pri·</strong></span> 
     </span>
     <span class='ocr_line' id='line_1_11' title="bbox 127 1457 1163 1531; baseline -0.004 -16"><span class='ocrx_word' id='word_1_76' title='bbox 127 1470 204 1515; x_wconf 83' lang='lat' dir='ltr'><strong>mum</strong></span> <span class='ocrx_word' id='word_1_77' title='bbox 224 1457 253 1514; x_wconf 91' lang='lat' dir='ltr'><strong>in</strong></span> <span class='ocrx_word' id='word_1_78' title='bbox 276 1457 335 1530; x_wconf 88' lang='lat' dir='ltr'><strong>ipsa</strong></span> <span class='ocrx_word' id='word_1_79' title='bbox 360 1457 521 1531; x_wconf 84' lang='lat' dir='ltr'><strong>eupiditate,</strong></span> <span class='ocrx_word' id='word_1_80' title='bbox 544 1472 631 1529; x_wconf 91' lang='lat' dir='ltr'><strong>quum</strong></span> <span class='ocrx_word' id='word_1_81' title='bbox 652 1457 681 1512; x_wconf 95' lang='lat' dir='ltr'><strong>id</strong></span> <span class='ocrx_word' id='word_1_82' title='bbox 703 1457 914 1530; x_wconf 72' lang='lat' dir='ltr'><strong>summergitur,</strong></span> <span class='ocrx_word' id='word_1_83' title='bbox 937 1464 968 1513; x_wconf 92' lang='lat' dir='ltr'><strong>ut</strong></span> <span class='ocrx_word' id='word_1_84' title='bbox 989 1473 1024 1512; x_wconf 85' lang='lat' dir='ltr'><strong>eu</strong></span> <span class='ocrx_word' id='word_1_85' title='bbox 1045 1457 1163 1527; x_wconf 80' lang='lat' dir='ltr'><strong>tollatur,</strong></span> 
     </span>
     <span class='ocr_line' id='line_1_12' title="bbox 127 1562 1164 1638; baseline -0.002 -17"><span class='ocrx_word' id='word_1_86' title='bbox 127 1583 184 1621; x_wconf 92' lang='lat' dir='ltr'><strong>non</strong></span> <span class='ocrx_word' id='word_1_87' title='bbox 206 1571 248 1622; x_wconf 91' lang='lat' dir='ltr'><strong>est</strong></span> <span class='ocrx_word' id='word_1_88' title='bbox 268 1567 468 1638; x_wconf 75' lang='lat' dir='ltr'><strong>quaerendum.</strong></span> <span class='ocrx_word' id='word_1_89' title='bbox 490 1565 596 1621; x_wconf 90' lang='lat' dir='ltr'><strong>bouum</strong></span> <span class='ocrx_word' id='word_1_90' title='bbox 624 1563 694 1620; x_wconf 91' lang='lat' dir='ltr'><strong>illud</strong></span> <span class='ocrx_word' id='word_1_91' title='bbox 722 1581 808 1620; x_wconf 88' lang='lat' dir='ltr'><strong>necne</strong></span> <span class='ocrx_word' id='word_1_92' title='bbox 829 1562 881 1636; x_wconf 88' lang='lat' dir='ltr'><strong>sit,</strong></span> <span class='ocrx_word' id='word_1_93' title='bbox 915 1563 993 1636; x_wconf 93' lang='lat' dir='ltr'><strong>quod</strong></span> <span class='ocrx_word' id='word_1_94' title='bbox 1022 1562 1164 1619; x_wconf 86' lang='lat' dir='ltr'><strong>libidinem</strong></span> 
     </span>
     <span class='ocr_line' id='line_1_13' title="bbox 128 1669 1163 1745; baseline -0.004 -16"><span class='ocrx_word' id='word_1_95' title='bbox 128 1679 254 1745; x_wconf 86' lang='lat' dir='ltr'><strong>moueat;</strong></span> <span class='ocrx_word' id='word_1_96' title='bbox 284 1673 333 1728; x_wconf 84' lang='lat' dir='ltr'><strong>sed</strong></span> <span class='ocrx_word' id='word_1_97' title='bbox 355 1673 443 1729; x_wconf 86' lang='lat' dir='ltr'><strong>libido</strong></span> <span class='ocrx_word' id='word_1_98' title='bbox 466 1672 526 1743; x_wconf 89' lang='lat' dir='ltr'><strong>ipsa</strong></span> <span class='ocrx_word' id='word_1_99' title='bbox 548 1670 668 1726; x_wconf 88' lang='lat' dir='ltr'><strong>tollenda</strong></span> <span class='ocrx_word' id='word_1_100' title='bbox 691 1676 750 1742; x_wconf 81' lang='lat' dir='ltr'><strong>est3</strong></span> <span class='ocrx_word' id='word_1_101' title='bbox 780 1676 811 1726; x_wconf 93' lang='lat' dir='ltr'><strong>ut</strong></span> <span class='ocrx_word' id='word_1_102' title='bbox 833 1669 893 1726; x_wconf 88' lang='lat' dir='ltr'><strong>siue</strong></span> <span class='ocrx_word' id='word_1_103' title='bbox 915 1669 993 1742; x_wconf 90' lang='lat' dir='ltr'><strong>quod</strong></span> <span class='ocrx_word' id='word_1_104' title='bbox 1019 1669 1163 1726; x_wconf 87' lang='lat' dir='ltr'><strong>honestum</strong></span> 
     </span>
     <span class='ocr_line' id='line_1_14' title="bbox 128 1776 1163 1850; baseline -0.003 -16"><span class='ocrx_word' id='word_1_105' title='bbox 128 1785 180 1850; x_wconf 85' lang='lat' dir='ltr'><strong>est,</strong></span> <span class='ocrx_word' id='word_1_106' title='bbox 203 1778 231 1834; x_wconf 92' lang='lat' dir='ltr'><strong>id</strong></span> <span class='ocrx_word' id='word_1_107' title='bbox 254 1779 290 1835; x_wconf 92' lang='lat' dir='ltr'><strong>sit</strong></span> <span class='ocrx_word' id='word_1_108' title='bbox 310 1796 447 1834; x_wconf 91' lang='lat' dir='ltr'><strong>summum</strong></span> <span class='ocrx_word' id='word_1_109' title='bbox 470 1778 584 1850; x_wconf 83' lang='lat' dir='ltr'><strong>bonum,</strong></span> <span class='ocrx_word' id='word_1_110' title='bbox 608 1777 669 1834; x_wconf 84' lang='lat' dir='ltr'><strong>siue</strong></span> <span class='ocrx_word' id='word_1_111' title='bbox 686 1779 815 1848; x_wconf 85' lang='lat' dir='ltr'><strong>uoluptas</strong></span> <span class='ocrx_word' id='word_1_112' title='bbox 834 1776 894 1833; x_wconf 85' lang='lat' dir='ltr'><strong>siue</strong></span> <span class='ocrx_word' id='word_1_113' title='bbox 904 1776 1008 1832; x_wconf 90' lang='lat' dir='ltr'><strong>horum</strong></span> <span class='ocrx_word' id='word_1_114' title='bbox 1019 1782 1163 1848; x_wconf 89' lang='lat' dir='ltr'><strong>utrumque</strong></span> 
     </span>
     <span class='ocr_line' id='line_1_15' title="bbox 128 1879 1163 1957; baseline -0.001 -18"><span class='ocrx_word' id='word_1_115' title='bbox 128 1884 305 1940; x_wconf 83' lang='lat' dir='ltr'><strong>coniunctum</strong></span> <span class='ocrx_word' id='word_1_116' title='bbox 332 1886 392 1940; x_wconf 90' lang='lat' dir='ltr'><strong>siue</strong></span> <span class='ocrx_word' id='word_1_117' title='bbox 422 1883 472 1939; x_wconf 91' lang='lat' dir='ltr'><strong>tria</strong></span> <span class='ocrx_word' id='word_1_118' title='bbox 500 1881 547 1939; x_wconf 91' lang='lat' dir='ltr'><strong>illa</strong></span> <span class='ocrx_word' id='word_1_119' title='bbox 576 1901 677 1954; x_wconf 87' lang='lat' dir='ltr'><strong>genera</strong></span> <span class='ocrx_word' id='word_1_120' title='bbox 705 1884 858 1957; x_wconf 86' lang='lat' dir='ltr'><strong>bonorum,</strong></span> <span class='ocrx_word' id='word_1_121' title='bbox 892 1879 1003 1955; x_wconf 79' lang='lat' dir='ltr'><strong>tamen,</strong></span> <span class='ocrx_word' id='word_1_122' title='bbox 1033 1885 1117 1940; x_wconf 88' lang='lat' dir='ltr'><strong>etiam</strong></span> <span class='ocrx_word' id='word_1_123' title='bbox 1142 1881 1163 1939; x_wconf 85' lang='lat' dir='ltr'><strong>si</strong></span> 
     </span>
     <span class='ocr_line' id='line_1_16' title="bbox 127 1989 1164 2063; baseline -0.001 -18"><span class='ocrx_word' id='word_1_124' title='bbox 127 1989 237 2046; x_wconf 90' lang='lat' dir='ltr'><strong>uirtutis</strong></span> <span class='ocrx_word' id='word_1_125' title='bbox 258 1990 345 2062; x_wconf 89' lang='lat' dir='ltr'><strong>ipsius</strong></span> <span class='ocrx_word' id='word_1_126' title='bbox 368 1989 560 2047; x_wconf 88' lang='lat' dir='ltr'><strong>uehementior</strong></span> <span class='ocrx_word' id='word_1_127' title='bbox 577 1990 713 2063; x_wconf 91' lang='lat' dir='ltr'><strong>appetitus</strong></span> <span class='ocrx_word' id='word_1_128' title='bbox 736 1990 780 2062; x_wconf 81' lang='lat' dir='ltr'><strong>sit,</strong></span> <span class='ocrx_word' id='word_1_129' title='bbox 803 1990 900 2046; x_wconf 90' lang='lat' dir='ltr'><strong>eadem</strong></span> <span class='ocrx_word' id='word_1_130' title='bbox 921 1990 958 2047; x_wconf 91' lang='lat' dir='ltr'><strong>sit</strong></span> <span class='ocrx_word' id='word_1_131' title='bbox 979 1989 1112 2046; x_wconf 88' lang='lat' dir='ltr'><strong>omnibus</strong></span> <span class='ocrx_word' id='word_1_132' title='bbox 1132 1989 1164 2045; x_wconf 90' lang='lat' dir='ltr'><strong>ad</strong></span> 
     </span>
     <span class='ocr_line' id='line_1_17' title="bbox 128 2096 1163 2158; baseline 0 -6"><span class='ocrx_word' id='word_1_133' title='bbox 128 2097 323 2153; x_wconf 87' lang='lat' dir='ltr'><strong>deterrendum</strong></span> <span class='ocrx_word' id='word_1_134' title='bbox 348 2096 504 2153; x_wconf 86' lang='lat' dir='ltr'><strong>adhibenda</strong></span> <span class='ocrx_word' id='word_1_135' title='bbox 531 2098 629 2153; x_wconf 91' lang='lat' dir='ltr'><strong>oratio.</strong></span> <span class='ocrx_word' id='word_1_136' title='bbox 672 2096 801 2158; x_wconf 87' lang='lat' dir='ltr'><strong>Continet</strong></span> <span class='ocrx_word' id='word_1_137' title='bbox 829 2103 920 2153; x_wconf 90' lang='lat' dir='ltr'><strong>autem</strong></span> <span class='ocrx_word' id='word_1_138' title='bbox 949 2112 1065 2152; x_wconf 90' lang='lat' dir='ltr'><strong>omnem</strong></span> <span class='ocrx_word' id='word_1_139' title='bbox 1087 2096 1163 2152; x_wconf 84' lang='lat' dir='ltr'><strong>seda·</strong></span> 
     </span>
     <span class='ocr_line' id='line_1_18' title="bbox 127 2203 1162 2276; baseline -0.002 -16"><span class='ocrx_word' id='word_1_140' title='bbox 127 2204 233 2261; x_wconf 90' lang='lat' dir='ltr'><strong>tionem</strong></span> <span class='ocrx_word' id='word_1_141' title='bbox 258 2203 343 2260; x_wconf 84' lang='lat' dir='ltr'><strong>arrimi</strong></span> <span class='ocrx_word' id='word_1_142' title='bbox 372 2204 489 2260; x_wconf 90' lang='lat' dir='ltr'><strong>humana</strong></span> <span class='ocrx_word' id='word_1_143' title='bbox 519 2203 548 2260; x_wconf 91' lang='lat' dir='ltr'><strong>in</strong></span> <span class='ocrx_word' id='word_1_144' title='bbox 576 2211 725 2276; x_wconf 89' lang='lat' dir='ltr'><strong>conspeetu</strong></span> <span class='ocrx_word' id='word_1_145' title='bbox 757 2203 848 2276; x_wconf 86' lang='lat' dir='ltr'><strong>posita</strong></span> <span class='ocrx_word' id='word_1_146' title='bbox 868 2211 981 2276; x_wconf 84' lang='lat' dir='ltr'><strong>natura,</strong></span> <span class='ocrx_word' id='word_1_147' title='bbox 1010 2220 1084 2276; x_wconf 85' lang='lat' dir='ltr'><strong>quae</strong></span> <span class='ocrx_word' id='word_1_148' title='bbox 1112 2219 1162 2276; x_wconf 83' lang='lat' dir='ltr'><strong>quo</strong></span> 
     </span>
     <span class='ocr_line' id='line_1_19' title="bbox 129 2309 1163 2383; baseline 0 -16"><span class='ocrx_word' id='word_1_149' title='bbox 129 2311 236 2368; x_wconf 82' lang='lat' dir='ltr'><strong>facilius</strong></span> <span class='ocrx_word' id='word_1_150' title='bbox 266 2328 396 2382; x_wconf 85' lang='lat' dir='ltr'><strong>expressa</strong></span> <span class='ocrx_word' id='word_1_151' title='bbox 428 2317 570 2383; x_wconf 86' lang='lat' dir='ltr'><strong>cernatur,</strong></span> <span class='ocrx_word' id='word_1_152' title='bbox 599 2311 761 2382; x_wconf 83' lang='lat' dir='ltr'><strong>explicanda</strong></span> <span class='ocrx_word' id='word_1_153' title='bbox 788 2316 831 2366; x_wconf 88' lang='lat' dir='ltr'><strong>est</strong></span> <span class='ocrx_word' id='word_1_154' title='bbox 858 2309 983 2367; x_wconf 88' lang='lat' dir='ltr'><strong>oratione</strong></span> <span class='ocrx_word' id='word_1_155' title='bbox 1012 2309 1163 2368; x_wconf 80' lang='lat' dir='ltr'><strong>eommunis</strong></span> 
     </span>
    </p>
   </div>
   <div class='ocr_carea' id='block_1_3' title="bbox 129 2396 1163 2597">
    <p class='ocr_par' dir='ltr' id='par_1_4' title="bbox 129 2396 1163 2597">
     <span class='ocr_line' id='line_1_20' title="bbox 129 2396 1163 2491; baseline -0.001 -17"><span class='ocrx_word' id='word_1_156' title='bbox 129 2396 255 2474; x_wconf 71' lang='lat' dir='ltr'><strong>eo&#39;ndieio</strong></span> <span class='ocrx_word' id='word_1_157' title='bbox 274 2419 373 2491; x_wconf 83' lang='lat' dir='ltr'><strong>lexque</strong></span> <span class='ocrx_word' id='word_1_158' title='bbox 395 2418 477 2475; x_wconf 92' lang='lat' dir='ltr'><strong>uitae.</strong></span> <span class='ocrx_word' id='word_1_159' title='bbox 521 2415 571 2476; x_wconf 78' lang='lat'><strong>63.</strong></span> <span class='ocrx_word' id='word_1_160' title='bbox 594 2419 690 2491; x_wconf 86' lang='lat' dir='ltr'><strong>ltaque</strong></span> <span class='ocrx_word' id='word_1_161' title='bbox 711 2433 767 2472; x_wconf 89' lang='lat' dir='ltr'><strong>non</strong></span> <span class='ocrx_word' id='word_1_162' title='bbox 790 2416 850 2474; x_wconf 91' lang='lat' dir='ltr'><strong>sine</strong></span> <span class='ocrx_word' id='word_1_163' title='bbox 871 2433 964 2489; x_wconf 83' lang='lat' dir='ltr'><strong>eausa,</strong></span> <span class='ocrx_word' id='word_1_164' title='bbox 987 2434 1076 2490; x_wconf 88' lang='lat' dir='ltr'><strong>quum</strong></span> <span class='ocrx_word' id='word_1_165' title='bbox 1096 2416 1163 2473; x_wconf 88' lang='lat' dir='ltr'><strong>Ore·</strong></span> 
     </span>
     <span class='ocr_line' id='line_1_21' title="bbox 129 2524 1163 2597; baseline 0 -17"><span class='ocrx_word' id='word_1_166' title='bbox 129 2531 199 2581; x_wconf 89' lang='lat' dir='ltr'><strong>stem</strong></span> <span class='ocrx_word' id='word_1_167' title='bbox 220 2525 344 2582; x_wconf 81' lang='lat' dir='ltr'><strong>tabulam</strong></span> <span class='ocrx_word' id='word_1_168' title='bbox 365 2525 478 2582; x_wconf 87' lang='lat' dir='ltr'><strong>doceret</strong></span> <span class='ocrx_word' id='word_1_169' title='bbox 498 2524 665 2597; x_wconf 83' lang='lat' dir='ltr'><strong>Euripides,</strong></span> <span class='ocrx_word' id='word_1_170' title='bbox 689 2526 794 2596; x_wconf 90' lang='lat' dir='ltr'><strong>primos</strong></span> <span class='ocrx_word' id='word_1_171' title='bbox 817 2530 872 2580; x_wconf 85' lang='lat' dir='ltr'><strong>tres</strong></span> <span class='ocrx_word' id='word_1_172' title='bbox 895 2540 994 2580; x_wconf 88' lang='lat' dir='ltr'><strong>uersus</strong></span> <span class='ocrx_word' id='word_1_173' title='bbox 1018 2540 1163 2581; x_wconf 86' lang='lat' dir='ltr'><strong>renoeasse</strong></span> 
     </span>
    </p>
   </div>
   <div class='ocr_carea' id='block_1_4' title="bbox 128 2633 1165 3880">
    <p class='ocr_par' dir='ltr' id='par_1_5' title="bbox 129 2633 394 2690">
     <span class='ocr_line' id='line_1_22' title="bbox 129 2633 394 2690; baseline 0.008 -2"><span class='ocrx_word' id='word_1_174' title='bbox 129 2633 229 2690; x_wconf 89' lang='lat' dir='ltr'><strong>dicitur</strong></span> <span class='ocrx_word' id='word_1_175' title='bbox 251 2633 394 2690; x_wconf 83' lang='lat' dir='ltr'><strong>Socrates:</strong></span> 
     </span>
    </p>

    <p class='ocr_par' dir='ltr' id='par_1_6' title="bbox 255 2740 953 2816">
     <span class='ocr_line' id='line_1_23' title="bbox 255 2740 953 2816; baseline -0.007 -19"><span class='ocrx_word' id='word_1_176' title='bbox 255 2740 349 2812; x_wconf 77' lang='lat' dir='ltr'><strong>Neque</strong></span> <span class='ocrx_word' id='word_1_177' title='bbox 372 2745 428 2798; x_wconf 84' lang='lat' dir='ltr'><strong>tum</strong></span> <span class='ocrx_word' id='word_1_178' title='bbox 448 2741 581 2816; x_wconf 73' lang='lat' dir='ltr'><strong>terribilis</strong></span> <span class='ocrx_word' id='word_1_179' title='bbox 604 2741 665 2796; x_wconf 82' lang='lat' dir='ltr'><strong>nlla</strong></span> <span class='ocrx_word' id='word_1_180' title='bbox 685 2741 772 2814; x_wconf 74' lang='lat' dir='ltr'><strong>[eudo</strong></span> <span class='ocrx_word' id='word_1_181' title='bbox 796 2740 889 2794; x_wconf 85' lang='lat' dir='ltr'><strong>oratio</strong></span> <span class='ocrx_word' id='word_1_182' title='bbox 912 2742 953 2792; x_wconf 81' lang='lat' dir='ltr'><strong>est</strong></span> 
     </span>
    </p>

    <p class='ocr_par' dir='ltr' id='par_1_7' title="bbox 254 2844 973 2918">
     <span class='ocr_line' id='line_1_24' title="bbox 254 2844 973 2918; baseline -0.007 -14"><span class='ocrx_word' id='word_1_183' title='bbox 254 2848 311 2904; x_wconf 79' lang='lat' dir='ltr'><strong>Nee</strong></span> <span class='ocrx_word' id='word_1_184' title='bbox 333 2866 395 2903; x_wconf 80' lang='lat' dir='ltr'><strong>sors</strong></span> <span class='ocrx_word' id='word_1_185' title='bbox 416 2866 465 2904; x_wconf 82' lang='lat' dir='ltr'><strong>nee</strong></span> <span class='ocrx_word' id='word_1_186' title='bbox 485 2851 532 2904; x_wconf 86' lang='lat' dir='ltr'><strong>iro</strong></span> <span class='ocrx_word' id='word_1_187' title='bbox 553 2848 681 2903; x_wconf 82' lang='lat' dir='ltr'><strong>coelitum</strong></span> <span class='ocrx_word' id='word_1_188' title='bbox 700 2850 837 2902; x_wconf 68' lang='lat' dir='ltr'><strong>inmotum</strong></span> <span class='ocrx_word' id='word_1_189' title='bbox 860 2844 973 2918; x_wconf 74' lang='lat' dir='ltr'><strong>naulum,</strong></span> 
     </span>
    </p>

    <p class='ocr_par' dir='ltr' id='par_1_8' title="bbox 128 2951 1165 3880">
     <span class='ocr_line' id='line_1_25' title="bbox 259 2951 968 3024; baseline -0.006 -14"><span class='ocrx_word' id='word_1_190' title='bbox 259 2952 342 3020; x_wconf 78' lang='lat' dir='ltr'><strong>Quod</strong></span> <span class='ocrx_word' id='word_1_191' title='bbox 361 2971 419 3010; x_wconf 81' lang='lat' dir='ltr'><strong>ooo</strong></span> <span class='ocrx_word' id='word_1_192' title='bbox 439 2960 544 3010; x_wconf 81' lang='lat' dir='ltr'><strong>notura</strong></span> <span class='ocrx_word' id='word_1_193' title='bbox 565 2955 687 3009; x_wconf 77' lang='lat' dir='ltr'><strong>humana</strong></span> <span class='ocrx_word' id='word_1_194' title='bbox 704 2954 839 3024; x_wconf 80' lang='lat' dir='ltr'><strong>potiendo</strong></span> <span class='ocrx_word' id='word_1_195' title='bbox 862 2951 968 3023; x_wconf 67' lang='lat' dir='ltr'><strong>efferat.</strong></span> 
     </span>
     <span class='ocr_line' id='line_1_26' title="bbox 128 3054 1165 3132; baseline -0.005 -16"><span class='ocrx_word' id='word_1_196' title='bbox 128 3060 180 3116; x_wconf 86' lang='lat' dir='ltr'><strong>Est</strong></span> <span class='ocrx_word' id='word_1_197' title='bbox 200 3065 291 3115; x_wconf 86' lang='lat' dir='ltr'><strong>eutem</strong></span> <span class='ocrx_word' id='word_1_198' title='bbox 313 3059 387 3115; x_wconf 87' lang='lat' dir='ltr'><strong>utilis</strong></span> <span class='ocrx_word' id='word_1_199' title='bbox 410 3061 445 3115; x_wconf 91' lang='lat' dir='ltr'><strong>ad</strong></span> <span class='ocrx_word' id='word_1_200' title='bbox 466 3059 689 3132; x_wconf 89' lang='lat' dir='ltr'><strong>persuadendum</strong></span> <span class='ocrx_word' id='word_1_201' title='bbox 712 3075 755 3131; x_wconf 83' lang='lat' dir='ltr'><strong>ea,</strong></span> <span class='ocrx_word' id='word_1_202' title='bbox 778 3074 848 3130; x_wconf 87' lang='lat' dir='ltr'><strong>quae</strong></span> <span class='ocrx_word' id='word_1_203' title='bbox 870 3056 1031 3130; x_wconf 82' lang='lat' dir='ltr'><strong>acciderint,</strong></span> <span class='ocrx_word' id='word_1_204' title='bbox 1051 3054 1120 3113; x_wconf 81' lang='lat' dir='ltr'><strong>terri</strong></span> <span class='ocrx_word' id='word_1_205' title='bbox 1139 3061 1165 3113; x_wconf 90' lang='lat' dir='ltr'><strong>et</strong></span> 
     </span>
     <span class='ocr_line' id='line_1_27' title="bbox 129 3163 1163 3239; baseline -0.003 -17"><span class='ocrx_word' id='word_1_206' title='bbox 129 3183 213 3239; x_wconf 89' lang='lat' dir='ltr'><strong>posse</strong></span> <span class='ocrx_word' id='word_1_207' title='bbox 235 3171 262 3221; x_wconf 91' lang='lat' dir='ltr'><strong>et</strong></span> <span class='ocrx_word' id='word_1_208' title='bbox 283 3172 411 3237; x_wconf 90' lang='lat' dir='ltr'><strong>oportere</strong></span> <span class='ocrx_word' id='word_1_209' title='bbox 433 3165 603 3222; x_wconf 86' lang='lat' dir='ltr'><strong>enumeratio</strong></span> <span class='ocrx_word' id='word_1_210' title='bbox 625 3182 740 3236; x_wconf 80' lang='lat' dir='ltr'><strong>eorum,</strong></span> <span class='ocrx_word' id='word_1_211' title='bbox 770 3165 818 3237; x_wconf 88' lang='lat' dir='ltr'><strong>qui</strong></span> <span class='ocrx_word' id='word_1_212' title='bbox 847 3166 979 3221; x_wconf 81' lang='lat' dir='ltr'><strong>tulerunt</strong></span> <span class='ocrx_word' id='word_1_213' title='bbox 1034 3163 1097 3219; x_wconf 86' lang='lat' dir='ltr'><strong>Etsi</strong></span> <span class='ocrx_word' id='word_1_214' title='bbox 1118 3178 1163 3220; x_wconf 88' lang='lat' dir='ltr'><strong>ae·</strong></span> 
     </span>
     <span class='ocr_line' id='line_1_28' title="bbox 130 3268 1164 3347; baseline -0.005 -17"><span class='ocrx_word' id='word_1_215' title='bbox 130 3272 276 3347; x_wconf 90' lang='lat' dir='ltr'><strong>gritudinis</strong></span> <span class='ocrx_word' id='word_1_216' title='bbox 299 3271 404 3329; x_wconf 90' lang='lat' dir='ltr'><strong>sedatio</strong></span> <span class='ocrx_word' id='word_1_217' title='bbox 432 3279 459 3329; x_wconf 89' lang='lat' dir='ltr'><strong>et</strong></span> <span class='ocrx_word' id='word_1_218' title='bbox 485 3273 614 3328; x_wconf 85' lang='lat' dir='ltr'><strong>hesterna</strong></span> <span class='ocrx_word' id='word_1_219' title='bbox 641 3272 825 3344; x_wconf 89' lang='lat' dir='ltr'><strong>disputatione</strong></span> <span class='ocrx_word' id='word_1_220' title='bbox 853 3270 985 3342; x_wconf 82' lang='lat' dir='ltr'><strong>explicata</strong></span> <span class='ocrx_word' id='word_1_221' title='bbox 1013 3275 1058 3327; x_wconf 90' lang='lat' dir='ltr'><strong>est</strong></span> <span class='ocrx_word' id='word_1_222' title='bbox 1083 3276 1112 3326; x_wconf 91' lang='lat' dir='ltr'><strong>et</strong></span> <span class='ocrx_word' id='word_1_223' title='bbox 1137 3268 1164 3325; x_wconf 88' lang='lat' dir='ltr'><strong>io</strong></span> 
     </span>
     <span class='ocr_line' id='line_1_29' title="bbox 129 3373 1164 3456; baseline -0.005 -18"><span class='ocrx_word' id='word_1_224' title='bbox 129 3380 334 3438; x_wconf 84' lang='lat' dir='ltr'><strong>Consolationis</strong></span> <span class='ocrx_word' id='word_1_225' title='bbox 355 3379 446 3454; x_wconf 84' lang='lat' dir='ltr'><strong>libro,</strong></span> <span class='ocrx_word' id='word_1_226' title='bbox 475 3397 559 3453; x_wconf 90' lang='lat' dir='ltr'><strong>quem</strong></span> <span class='ocrx_word' id='word_1_227' title='bbox 580 3379 608 3435; x_wconf 89' lang='lat' dir='ltr'><strong>in</strong></span> <span class='ocrx_word' id='word_1_228' title='bbox 630 3379 723 3436; x_wconf 90' lang='lat' dir='ltr'><strong>medio</strong></span> <span class='ocrx_word' id='word_1_229' title='bbox 745 3373 822 3456; x_wconf 86' lang='lat' dir='ltr'><strong>(non</strong></span> <span class='ocrx_word' id='word_1_230' title='bbox 844 3377 918 3433; x_wconf 91' lang='lat' dir='ltr'><strong>enim</strong></span> <span class='ocrx_word' id='word_1_231' title='bbox 941 3376 1081 3448; x_wconf 87' lang='lat' dir='ltr'><strong>sapientes</strong></span> <span class='ocrx_word' id='word_1_232' title='bbox 1104 3392 1164 3433; x_wconf 83' lang='lat' dir='ltr'><strong>ere·</strong></span> 
     </span>
     <span class='ocr_line' id='line_1_30' title="bbox 128 3483 1165 3559; baseline -0.008 -13"><span class='ocrx_word' id='word_1_233' title='bbox 128 3490 214 3559; x_wconf 83' lang='lat' dir='ltr'><strong>mus)</strong></span> <span class='ocrx_word' id='word_1_234' title='bbox 236 3506 360 3546; x_wconf 90' lang='lat' dir='ltr'><strong>maerore</strong></span> <span class='ocrx_word' id='word_1_235' title='bbox 383 3495 409 3546; x_wconf 91' lang='lat' dir='ltr'><strong>et</strong></span> <span class='ocrx_word' id='word_1_236' title='bbox 431 3488 528 3544; x_wconf 89' lang='lat' dir='ltr'><strong>dolore</strong></span> <span class='ocrx_word' id='word_1_237' title='bbox 551 3486 783 3559; x_wconf 82' lang='lat' dir='ltr'><strong>eorrscripsimns3</strong></span> <span class='ocrx_word' id='word_1_238' title='bbox 812 3485 944 3557; x_wconf 85' lang='lat' dir='ltr'><strong>quodque</strong></span> <span class='ocrx_word' id='word_1_239' title='bbox 970 3489 1046 3540; x_wconf 90' lang='lat' dir='ltr'><strong>uetat</strong></span> <span class='ocrx_word' id='word_1_240' title='bbox 1074 3483 1165 3556; x_wconf 75' lang='lat' dir='ltr'><strong>Chry-</strong></span> 
     </span>
     <span class='ocr_line' id='line_1_31' title="bbox 129 3588 1165 3668; baseline -0.007 -16"><span class='ocrx_word' id='word_1_241' title='bbox 129 3596 225 3668; x_wconf 87' lang='lat' dir='ltr'><strong>sippus</strong></span> <span class='ocrx_word' id='word_1_242' title='bbox 247 3596 282 3652; x_wconf 88' lang='lat' dir='ltr'><strong>ad</strong></span> <span class='ocrx_word' id='word_1_243' title='bbox 303 3601 428 3653; x_wconf 84' lang='lat' dir='ltr'><strong>recentes</strong></span> <span class='ocrx_word' id='word_1_244' title='bbox 450 3595 529 3668; x_wconf 85' lang='lat' dir='ltr'><strong>quusi</strong></span> <span class='ocrx_word' id='word_1_245' title='bbox 551 3601 673 3650; x_wconf 91' lang='lat' dir='ltr'><strong>tumores</strong></span> <span class='ocrx_word' id='word_1_246' title='bbox 695 3590 779 3649; x_wconf 91' lang='lat' dir='ltr'><strong>animi</strong></span> <span class='ocrx_word' id='word_1_247' title='bbox 801 3590 952 3647; x_wconf 91' lang='lat' dir='ltr'><strong>remedium</strong></span> <span class='ocrx_word' id='word_1_248' title='bbox 975 3589 1119 3662; x_wconf 85' lang='lat' dir='ltr'><strong>adhibere,</strong></span> <span class='ocrx_word' id='word_1_249' title='bbox 1136 3588 1165 3645; x_wconf 90' lang='lat' dir='ltr'><strong>id</strong></span> 
     </span>
     <span class='ocr_line' id='line_1_32' title="bbox 128 3695 1164 3774; baseline -0.007 -15"><span class='ocrx_word' id='word_1_250' title='bbox 128 3719 180 3759; x_wconf 90' lang='lat' dir='ltr'><strong>nos</strong></span> <span class='ocrx_word' id='word_1_251' title='bbox 202 3702 318 3759; x_wconf 88' lang='lat' dir='ltr'><strong>lecimus</strong></span> <span class='ocrx_word' id='word_1_252' title='bbox 341 3708 506 3773; x_wconf 89' lang='lat' dir='ltr'><strong>naturaeque</strong></span> <span class='ocrx_word' id='word_1_253' title='bbox 527 3700 584 3756; x_wconf 92' lang='lat' dir='ltr'><strong>uim</strong></span> <span class='ocrx_word' id='word_1_254' title='bbox 607 3699 756 3774; x_wconf 78' lang='lat' dir='ltr'><strong>attulimus,</strong></span> <span class='ocrx_word' id='word_1_255' title='bbox 768 3705 798 3755; x_wconf 92' lang='lat' dir='ltr'><strong>ut</strong></span> <span class='ocrx_word' id='word_1_256' title='bbox 816 3696 997 3770; x_wconf 86' lang='lat' dir='ltr'><strong>magnitudini</strong></span> <span class='ocrx_word' id='word_1_257' title='bbox 1009 3695 1164 3753; x_wconf 86' lang='lat' dir='ltr'><strong>medicinae</strong></span> 
     </span>
     <span class='ocr_line' id='line_1_33' title="bbox 128 3807 609 3880; baseline 0 -18"><span class='ocrx_word' id='word_1_258' title='bbox 128 3808 233 3864; x_wconf 86' lang='lat' dir='ltr'><strong>doloris</strong></span> <span class='ocrx_word' id='word_1_259' title='bbox 255 3807 414 3880; x_wconf 81' lang='lat' dir='ltr'><strong>magnitudo</strong></span> <span class='ocrx_word' id='word_1_260' title='bbox 437 3808 609 3863; x_wconf 83' lang='lat' dir='ltr'><strong>concederet.</strong></span> 
     </span>
    </p>
   </div>
   <div class='ocr_carea' id='block_1_5' title="bbox 128 3967 1164 4219">
    <p class='ocr_par' dir='ltr' id='par_1_9' title="bbox 128 3967 1164 4219">
     <span class='ocr_line' id='line_1_34' title="bbox 195 3967 1163 4055; baseline 0 -22"><span class='ocrx_word' id='word_1_261' title='bbox 195 3989 367 4048; x_wconf 86' lang='lat' dir='ltr'><strong>spernentem)</strong></span> <span class='ocrx_word' id='word_1_262' title='bbox 387 3993 544 4049; x_wconf 87' lang='lat' dir='ltr'><strong>prementem</strong></span> <span class='ocrx_word' id='word_1_263' title='bbox 559 3967 640 4036; x_wconf 68' lang='lat' dir='ltr'><strong>ltPO.</strong></span> <span class='ocrx_word' id='word_1_264' title='bbox 676 3985 786 4048; x_wconf 85' lang='lat' dir='ltr'><strong>ducunt)</strong></span> <span class='ocrx_word' id='word_1_265' title='bbox 804 3987 892 4036; x_wconf 88' lang='lat' dir='ltr'><strong>dieunt</strong></span> <span class='ocrx_word' id='word_1_266' title='bbox 905 3987 959 4035; x_wconf 75' lang='lat' dir='ltr'><strong>tte.</strong></span> <span class='ocrx_word' id='word_1_267' title='bbox 984 3984 1027 4033; x_wconf 77' lang='lat'><strong>62.</strong></span> <span class='ocrx_word' id='word_1_268' title='bbox 1047 3981 1163 4055; x_wconf 77' lang='lat' dir='ltr'><strong>uirtutis)</strong></span> 
     </span>
     <span class='ocr_line' id='line_1_35' title="bbox 128 4069 1164 4136; baseline 0.001 -20"><span class='ocrx_word' id='word_1_269' title='bbox 128 4069 250 4117; x_wconf 79' lang='lat' dir='ltr'><strong>uirtuslt.</strong></span> <span class='ocrx_word' id='word_1_270' title='bbox 277 4070 334 4118; x_wconf 85' lang='lat' dir='ltr'><strong>uirt’</strong></span> <span class='ocrx_word' id='word_1_271' title='bbox 343 4072 372 4119; x_wconf 82' lang='lat' dir='ltr'><strong>P.</strong></span> <span class='ocrx_word' id='word_1_272' title='bbox 406 4071 576 4136; x_wconf 64' lang='lat' dir='ltr'><strong>dtdoeeret)</strong></span> <span class='ocrx_word' id='word_1_273' title='bbox 592 4072 748 4122; x_wconf 78' lang='lat' dir='ltr'><strong>direretltt’.</strong></span> <span class='ocrx_word' id='word_1_274' title='bbox 784 4069 1007 4135; x_wconf 56' lang='lat' dir='ltr'><strong>oratlolrattolth</strong></span> <span class='ocrx_word' id='word_1_275' title='bbox 1032 4071 1101 4127; x_wconf 82' lang='lat' dir='ltr'><strong>sors)</strong></span> <span class='ocrx_word' id='word_1_276' title='bbox 1113 4071 1164 4118; x_wconf 80' lang='lat' dir='ltr'><strong>turs</strong></span> 
     </span>
     <span class='ocr_line' id='line_1_36' title="bbox 128 4150 1161 4219; baseline 0 -15"><span class='ocrx_word' id='word_1_277' title='bbox 128 4153 182 4204; x_wconf 74' lang='grc' dir='ltr'><strong>ΒΡ.</strong></span> <span class='ocrx_word' id='word_1_278' title='bbox 201 4151 483 4216; x_wconf 87' lang='lat' dir='ltr'><strong>irrneotum)iuuentum</strong></span> <span class='ocrx_word' id='word_1_279' title='bbox 494 4156 546 4204; x_wconf 80' lang='lat' dir='ltr'><strong>ne.</strong></span> <span class='ocrx_word' id='word_1_280' title='bbox 564 4156 744 4218; x_wconf 76' lang='lat' dir='ltr'><strong>automletiem</strong></span> <span class='ocrx_word' id='word_1_281' title='bbox 751 4153 782 4204; x_wconf 87' lang='lat'><strong>0.</strong></span> <span class='ocrx_word' id='word_1_282' title='bbox 806 4150 972 4216; x_wconf 75' lang='lat' dir='ltr'><strong>numqaum</strong></span> <span class='ocrx_word' id='word_1_283' title='bbox 983 4151 1161 4219; x_wconf 67' lang='lat' dir='ltr'><strong>Nonum.</strong></span> 
     </span>
    </p>
   </div>
   <div class='ocr_carea' id='block_1_6' title="bbox 0 0 1314 4634">
    <p class='ocr_par' dir='ltr' id='par_1_10' title="bbox 0 0 1314 4634">
     <span class='ocr_line' id='line_1_37' title="bbox 0 0 1314 4634; baseline 0 0"><span class='ocrx_word' id='word_1_284' title='bbox 0 0 1314 4634; x_wconf 95' lang='lat' dir='ltr'><strong> </strong></span> 
     </span>
    </p>
   </div>
  </div>
 </body>
</html>
