2610 4634
127 245 191 307 tto
327 256 943 307 succuramntsrurarrorruu

126 453 155 506 et
164 446 324 522 aequalium
337 447 565 506 familiaritatibus
577 453 605 505 et
612 448 813 505 consuetudine
824 447 1062 522 propinquorum,
1079 449 1160 506 babe-

125 560 169 612 ret
185 554 267 611 etiam
288 572 366 613 more
378 555 509 613 Graeciae
529 554 667 628 quosdam
679 555 870 612 adolescentes
882 570 979 610 amore
991 553 1174 628 canirmetcs„

127 661 258 719 credebat
277 679 375 719 eorum
396 661 516 734 nemini3
543 661 594 717 sed
615 661 665 734 iis',
695 677 767 733 quos
788 676 824 717 ea
846 659 961 718 familiis
974 660 1162 746 ‘locupletium

127 783 225 826 seruos
246 768 404 841 delegerat,
432 768 533 842 quibus
555 783 657 824 nomen
678 765 819 823 seruitutis
846 766 909 838 ipse
931 767 1108 839 detraxerat,
1138 773 1164 823 et

127 875 295 948 quibusdam
316 875 448 932 corruenis
476 880 504 930 et
525 873 591 931 ieris
613 872 738 931 barbaris
760 872 888 944 corporis
909 872 1069 928 custodiam
1089 889 1162 929 ccm-

127 979 258 1038 mittebat
312 981 352 1037 lta
380 987 493 1053 propter
519 979 650 1037 iniustam
676 977 831 1034 dominatus
853 978 1035 1051 cupiditatem
1057 980 1086 1037 in
1107 995 1163 1036 car·

128 1101 220 1142 cerem
231 1086 352 1159 quodam
368 1086 453 1142 modo
474 1085 535 1158 ipse
557 1101 588 1142 se
609 1085 768 1143 incluserat.
799 1083 874 1152 Quin
896 1085 981 1141 etiam
1003 1100 1049 1140 ne*
1063 1084 1164 1142 tonsori

127 1191 232 1247 collum
253 1191 445 1265 committeret,
467 1192 583 1249 tondere
604 1192 676 1249 litias
698 1206 763 1247 suas
784 1190 886 1247 docuit.
917 1192 961 1248 lta
982 1190 1099 1248 sordido
1118 1207 1164 1248 au·

128 1296 273 1369 cillarique
305 1298 421 1356 artitlcio
453 1298 546 1371 regiae
577 1297 702 1369 uirgines
734 1302 766 1352 ut
803 1297 983 1353 tonstriculae
1017 1297 1166 1354 tondebant

129 1403 245 1461 barbam
267 1410 295 1461 et
315 1405 447 1478 capillum
467 1403 562 1476 patris.
604 1405 641 1461 Et
661 1409 753 1460 tamen
773 1402 809 1460 ab
830 1402 876 1460 his
896 1403 979 1476 ipsis,
1002 1419 1093 1476 quum
1113 1403 1165 1460 iam

130 1518 223 1568 essent
254 1511 380 1584 adultae,
412 1510 518 1568 sermm
549 1509 668 1567 remouit
699 1508 888 1583 instituitque,
921 1515 953 1566 ut
985 1509 1165 1567 candentibus

129 1616 302 1689 iuglandium
334 1617 522 1692 putaminibus
554 1616 669 1672 barbam
700 1616 755 1672 sibi
787 1621 814 1673 et
845 1616 978 1687 capillum
1012 1617 1165 1675 adurerent.

130 1719 181 1781 59.
201 1723 349 1798 Quumque
371 1725 439 1781 duas
461 1739 563 1780 uxores
585 1722 710 1795 haberet,
720 1721 941 1796 Aristomachen,
964 1722 1059 1780 ciuem
1080 1740 1166 1796 suam,

130 1830 265 1886 Doridem
287 1837 378 1886 antem
399 1830 584 1901 Locrensem,
618 1827 659 1884 sic
685 1835 770 1885 noctu
798 1828 833 1884 ad
861 1844 908 1884 eas
935 1829 1107 1904 uentitabat,
1138 1835 1167 1885 ut

131 1933 224 1991 omnia
244 1937 432 2007 specularetur
454 1942 482 1992 et
507 1939 725 2006 perscrutaretur
753 1940 823 1990 ante.
876 1935 914 1991 Et
942 1952 1032 2008 quum
1065 1937 1166 1993 insum

131 2040 214 2096 latam
235 2041 386 2098 cubiculari
415 2047 487 2099 tecto
515 2039 744 2098 circumdedisset
768 2039 885 2114 eiusque
908 2040 1003 2098 iassae
1024 2043 1166 2099 namium

131 2145 274 2219 ponticulo
295 2147 389 2219 ligneo
412 2147 611 2211 coniunxisset,
633 2163 697 2202 euna
719 2145 821 2219 ipsum,
843 2163 931 2219 qaum
945 2147 1038 2204 iorem
1049 2148 1166 2206 cubiculi

132 2253 285 2329 clauserat,
311 2255 502 2327 detorquebat.
555 2255 690 2328 Idemque
718 2269 805 2326 quum
832 2251 861 2309 in
883 2254 1080 2313 communibus
1103 2271 1166 2326 sug·

133 2359 219 2432 gestis
240 2360 393 2418 consistere
414 2366 470 2417 non
491 2361 622 2433 auderet,
651 2358 806 2416 contionari
827 2377 862 2416 ex
883 2360 952 2416 turri
975 2361 1031 2418 alta
1054 2362 1166 2419 solebat.
1189 2417 1194 2428 ,

133 2461 183 2524 60.
203 2465 295 2538 Atque
316 2466 341 2524 is
362 2483 449 2540 quum
470 2466 527 2539 pila
549 2466 646 2522 ludere
667 2467 754 2522 uellet
774 2465 921 2536 (studiose
942 2467 1017 2523 enim
1040 2467 1070 2524 id
1091 2467 1167 2524 iacti·

132 2567 223 2645 tabat)
244 2573 421 2646 tunicamque
441 2579 574 2646 poneret,
595 2573 813 2642 adolescentulo,
835 2588 920 2644 quem
940 2574 1061 2646 amabat,
1084 2573 1168 2631 tradi·

133 2677 208 2735 disse
235 2679 360 2752 gladium
388 2679 497 2738 dicitur.
548 2679 605 2736 llic
635 2694 723 2751 quum
754 2677 869 2751 quidam
902 2677 1049 2736 familiaris
1075 2679 1168 2738 iocans

133 2783 264 2841 dixisset:
285 2785 359 2842 Huic
380 2786 493 2861 quidem
515 2791 588 2842 certe
609 2783 693 2841 uitam
714 2789 790 2841 tuam
806 2784 963 2858 committis,
975 2786 1169 2860 arrisissetqne

134 2891 312 2965 adolescens,
341 2899 488 2966 utrumqne
509 2893 590 2952 iussit
611 2891 744 2964 interfici,
773 2892 907 2963 alterum,
936 2890 1002 2963 qnia
1022 2890 1100 2949 uiam
1120 2892 1168 2949 de-

133 2995 345 3053 monstrauisset
364 2997 540 3055 interimendi
567 2999 627 3072 sui,
660 3001 797 3071 alterum,
829 2997 895 3070 quia
922 2997 1027 3053 dictum
1056 2998 1087 3054 id
1113 2998 1170 3055 risu

134 3100 355 3174 approbanisset.
398 3102 488 3175 Atque
510 3119 544 3159 eo
567 3104 638 3161 iacto
660 3104 701 3161 sic
722 3103 825 3176 doluit,
847 3102 917 3159 nihil
938 3109 971 3158 nt
990 3104 1086 3160 tulerit
1108 3119 1170 3175 gra·

48 3204 51 3211 ’
133 3209 197 3268 uiua
218 3207 249 3264 in
268 3207 341 3282 uita;
373 3224 456 3281 quem
483 3209 558 3266 enim
579 3211 758 3267 uehementer
778 3216 897 3282 amarat,
923 3209 1071 3268 occiderat.
1126 3209 1171 3266 Sic

135 3317 322 3376 distrabantur
339 3316 368 3374 in
384 3315 535 3374 contrarias
553 3310 644 3389 partes
658 3315 851 3387 impotentium
871 3316 1045 3389 cupiditates.
1079 3317 1171 3387 Quum

203 3661 247 3714 58.
266 3668 292 3713 et
308 3663 421 3729 aequal.)
440 3664 464 3715 ei
484 3664 581 3728 aequal.
599 3663 630 3714 ll.
666 3663 714 3728 ils,
732 3661 818 3727 qnos)
835 3663 876 3713 his
893 3664 962 3725 quod
979 3663 1010 3714 ll.
1046 3664 1088 3714 bis
1105 3663 1172 3725 quod

135 3758 184 3796 uos
201 3747 231 3796 Ρ.
275 3746 459 3810 locupletium)
484 3744 638 3808 locupletum
665 3746 697 3795 0.
740 3747 864 3797 conuenis
887 3747 933 3812 et)
955 3748 1120 3799 conuenisset
1141 3746 1173 3795 ll.

135 3830 239 3881 sordido
257 3831 442 3896 ancillarique)
468 3831 621 3889 sordidoque
647 3830 760 3880 ancillari
779 3830 832 3880 llP.
878 3829 1054 3893 iuglandium)
1070 3831 1173 3891 iuglan-

136 3912 199 3964 dum
221 3911 289 3962 Non.
311 3929 339 3977 p.
358 3913 424 3966 m.
466 3914 509 3966 59.
531 3911 743 3981 Aristomachen)
769 3913 974 3966 brbtomachem
1000 3916 1032 3964 ll.
1076 3916 1173 3966 lassam

136 3995 213 4048 latam
231 3997 383 4062 cubicularl)
400 4000 534 4052 tossa'lata
551 3995 704 4050 cubicularis
719 3999 774 4050 BP.
809 3998 885 4060 welo)
901 3999 968 4049 lecto
986 3997 1042 4048 llo.
1078 3998 1174 4049 lectum

136 4082 166 4133 P.
201 4079 296 4146 loram)
313 4081 424 4134 lusorem
442 4083 471 4132 Ρ.
