2610 4634
328 349 334 359 ,
414 298 488 343 uin.
511 285 562 343 ΙΙΙ.
607 299 689 344 cau.
715 284 762 346 18.
868 356 871 363 ,
969 257 1134 361 ',95'

149 488 257 546 xvlll.
275 483 326 547 39.
346 487 420 558 Quid
431 484 522 560 ergo?
544 487 663 546 huiusne
674 487 746 545 uitae
757 492 911 563 propositio
923 499 952 549 et
972 493 1101 564 cogitatio

60 602 111 655 aut
133 595 286 668 Thyestem
307 594 401 652 leuare
422 594 526 667 poterit
546 601 594 652 aut
613 597 746 670 Aeetam,
776 578 810 654 de
839 616 895 671 quo
924 603 1018 683 paullq
1040 609 1101 659 aute

61 703 134 776 dixi,
155 708 202 759 aut
223 701 404 758 Telamonem
424 703 537 773 pulsum
558 702 656 778 patria,
678 704 835 760 exulantem
857 712 939 779 atque
963 698 1100 784 egeatem,

61 808 93 867 in
116 825 174 882 quo
195 808 265 866 liaeo
285 808 429 865 admiratio
451 809 550 866 fiebat:

104 916 209 973 Hicine
226 919 266 971 esi
281 914 329 971 illo
347 915 468 988 Telamo,
485 919 571 999 'aa-odo
594 933 673 989 quem
693 917 788 987 qlorio
810 920 848 974 od
867 920 971 975 coelum
992 922 1101 996 ontulit,

109 1020 396 1093 Qumospeotobont,
418 1023 496 1078 onius
509 1025 543 1079 ob
565 1040 597 1078 os
617 1022 701 1080 Grati
723 1026 965 1119 oaoodoerteboat
985 1028 1060 1084 suo?

61 1126 116 1187 40.
140 1127 268 1198 Quodsi
291 1127 352 1199 cui,
374 1135 405 1185 ut
426 1127 464 1184 ait
484 1128 575 1202 idem,
598 1128 680 1186 simul
702 1131 810 1188 animus
832 1149 895 1188 cum
916 1150 947 1188 re
969 1133 1099 1209 concidit,
1150 1131 1153 1137 '
1249 1140 1256 1151 “

61 1252 80 1293 n
101 1232 236 1307 grauibus
258 1233 315 1291 illis
338 1235 458 1308 antiquis
481 1235 656 1308 philosophis
678 1238 795 1308 petenda
816 1239 953 1296 medicina
975 1248 1025 1314 est,
1045 1258 1101 1298 aon

59 1342 100 1399 ab
121 1341 166 1399 his
187 1341 361 1413 uoluptariis.
410 1342 500 1411 Quam
522 1341 597 1398 enim
623 1342 668 1399 isti
690 1344 828 1401 bonorum
854 1346 963 1416 copiam
984 1345 1100 1404 dieunt?

60 1449 119 1507 Fac
139 1464 207 1505 sane
229 1464 291 1504 esse
313 1464 452 1504 summum
473 1449 578 1506 bouum
595 1466 656 1505 non
679 1449 792 1519 dolere,
814 1468 971 1524 quanquam
992 1453 1022 1509 id
1044 1471 1100 1510 non

61 1561 179 1614 uocatur
201 1555 347 1628 uoluptas,
375 1555 502 1612 sednon
525 1572 639 1612 necesse
661 1561 703 1612 est
724 1573 798 1612 nune
820 1558 928 1631 omnia3
961 1559 1025 1616 idue
1048 1565 1099 1631 est,

58 1679 120 1737 quo
142 1661 260 1719 traducti
281 1661 385 1717 luctum
406 1659 556 1718 leuemus‘l
579 1662 621 1719 Sit
637 1680 702 1719 saue
718 1679 856 1720 summum
872 1666 975 1720 malum
987 1666 1099 1741 doleue3

57 1773 90 1829 in
112 1785 148 1826 eo
170 1766 324 1840 igiturqui
346 1773 482 1842 nonest,
515 1768 538 1825 si
568 1770 641 1826 malo
670 1776 775 1844 careat,
809 1771 977 1828 continuone
999 1771 1101 1830 inuitur

57 1869 292 1934 summobono?
323 1870 375 1932 41.
404 1873 479 1942 Quid
501 1874 725 1948 tergiuersamun,
748 1877 885 1951 Epicure,
908 1895 960 1935 neo
982 1879 1100 1937 latemur

58 1999 124 2041 enm
145 1997 199 2038 nos
220 1979 313 2036 dicere
335 1983 521 2054 uoluptatem,
550 1999 633 2054 quam
655 1987 685 2038 tu
707 1983 796 2056 idem,
825 2002 911 2058 quum
940 2002 972 2042 os
994 1986 1100 2058 perfri-

58 2089 153 2161 uuisti,
176 2089 251 2144 soles
273 2083 389 2142 dicere?
413 2088 484 2144 Sunt
504 2088 572 2144 haec
593 2094 637 2144 tua
661 2090 745 2146 uerba
761 2088 872 2146 necnel
894 2093 925 2146 lu
938 2109 972 2148 eo
985 2093 1099 2165 quidem

57 2197 144 2270 libro,
168 2193 217 2268 qui
238 2192 360 2251 continet
380 2210 491 2250 omnem
513 2184 687 2266 disciplinam
708 2201 783 2251 tuam
805 2195 928 2267 (fungar
949 2198 1023 2254 enim
1043 2197 1099 2254 iam

58 2302 219 2375 interpretis
229 2316 355 2374 munere,
368 2316 403 2357 ne
422 2301 486 2373 quis
504 2318 548 2357 me
570 2306 647 2373 putet
668 2294 797 2378 lingere),
820 2302 889 2359 dicis
911 2303 993 2360 haec:
1017 2306 1098 2378 „Neo

56 2409 193 2484 equidem
213 2407 320 2480 liabeo,
350 2408 426 2479 quod
453 2407 606 2480 intelligam
632 2411 738 2466 bonum
769 2411 853 2486 illud,
877 2412 1023 2469 detrahens
1051 2428 1098 2468 eas

58 2518 233 2589 uoluptates,
256 2529 327 2586 quae
349 2529 449 2586 sapore
471 2515 675 2588 percipiuntur,
700 2516 846 2573 detrahens
869 2533 932 2589 eas,
955 2534 1026 2590 quae
1047 2533 1098 2573 au·

56 2624 120 2683 ditn
141 2628 171 2680 et
190 2621 334 2693 cantibus,
364 2620 511 2678 detrahens
534 2637 580 2678 eas
609 2621 707 2694 etiam,
736 2639 807 2695 quae
830 2639 864 2677 eu
886 2623 984 2679 formis
1006 2623 1097 2695 perci·
1168 2663 1172 2672 -

58 2731 175 2804 piuntur
196 2726 305 2798 oculis,
329 2742 428 2785 suaues
451 2727 602 2802 motiones,
626 2727 686 2784 siue
707 2745 778 2801 quae
800 2728 869 2784 aliae
890 2728 1046 2799 uoluptates
1067 2727 1098 2785 in

56 2843 118 2894 toto
132 2835 253 2892 homine
275 2833 425 2906 gignuntur
446 2835 572 2907 quolibet
594 2852 686 2891 seusu.
719 2836 778 2890 Neo
797 2851 866 2890 uero
882 2835 918 2890 ita
934 2833 988 2890 diei
1007 2841 1116 2906 potest,
1194 2870 1196 2875 ,

58 2942 160 3013 mentis
182 2940 313 2998 laetitiam
335 2942 424 2998 solam
445 2958 507 2998 osse
529 2941 557 2997 in
582 2941 673 2998 bouis.
706 2943 864 2999 Laetantem
881 2940 955 2998 euim
976 2947 1097 2999 montem
1140 2996 1143 3001 ,

57 3049 96 3107 ita
111 3048 195 3122 noui,
217 3064 267 3119 spe
289 3064 387 3105 eorum
404 3047 538 3122 omnium,
561 3065 632 3121 quae
655 3047 827 3123 supradixi,
855 3048 926 3122 fore,
949 3054 980 3104 ut
1001 3055 1097 3105 natura

56 3155 94 3213 iis
105 3130 225 3229 'potiens
248 3155 346 3211 dolore
369 3151 484 3211 eareat.'’
538 3153 589 3212 42.
618 3157 710 3228 Atque
736 3155 805 3212 haec
832 3155 945 3229 quidem
966 3154 1009 3211 his
1031 3171 1096 3211 uer·
1153 3180 1155 3185 ¹

58 3262 121 3335 bis,
149 3261 243 3334 quiuis
274 3268 305 3318 ut
338 3262 490 3336 intelligat,
523 3278 607 3334 quam
639 3263 810 3334 uoluptatem
843 3260 917 3318 norit
947 3260 1095 3331 Epicurus.

56 3368 166 3427 Deinde
187 3370 282 3440 paullo
304 3368 391 3425 inira:
421 3369 533 3442 „Saepe
554 3367 696 3440 quaesiui,
718 3368 822 3441 inquit,
847 3385 881 3424 ex
901 3365 952 3437 iis,
975 3365 1023 3436 qui
1045 3381 1096 3436 ap·

55 3476 234 3548 pellabantur
255 3475 409 3548 sapientes,
439 3474 507 3547 quid
529 3474 678 3547 habereut,
701 3474 778 3547 quod
799 3470 930 3529 inbonis
952 3450 1110 3545 relinque-¹

126 3787 169 3839 39.
187 3787 338 3852 Thyestem)
355 3789 482 3850 Thyesten
502 3788 535 3838 0.
569 3785 798 3853 natumnatum
816 3784 870 3834 ΒΡ.
911 3782 1020 3850 Hicine)
1039 3785 1098 3836 lae-

56 3871 116 3925 nlne
132 3872 187 3925 Ill).
222 3872 343 3936 Telamo)
359 3873 482 3924 Telamon
500 3873 554 3926 ΒΡ.
595 3871 679 3938 Graii)
699 3872 758 3922 Grai
776 3870 830 3923 nn.
856 3867 967 3924 ideam
984 3883 1011 3920 re
1029 3883 1095 3922 con-

53 3957 134 4020 eidlt)
150 3971 205 4009 rem
223 3957 338 4007 muniuit
346 3957 399 4006 ΒΡ.
436 3957 503 4021 nou)
518 3958 542 4006 si
559 3972 610 4007 non
628 3958 682 4006 ΒΡ.
716 3953 758 4004 41.
774 3955 827 4005 Nee
843 3954 920 4018 uero)
929 3956 975 4007 laen
993 3968 1054 4006 nero
1062 3956 1092 4005 P.

54 4047 146 4093 netum
164 4039 215 4105 tls)
233 4041 355 4091 naturalis
372 4041 427 4093 BP.
470 4038 513 4090 tn
532 4041 600 4101 quod
617 4040 644 4089 in
662 4036 759 4104 nonu)
774 4039 837 4101 qnid
854 4039 880 4089 in
901 4040 1021 4099 bouill„
1046 4040 1093 4089 sed

58 4125 87 4179 ln
100 4125 207 4189 mis
221 4124 353 4188 modesta
370 4125 439 4190 quod
456 4124 485 4177 in
501 4124 562 4177 boni
578 4125 608 4178 Ρ.
