2610 4634
125 290 186 353 136
338 298 955 347 ruscncnmursnurnrionun

124 495 249 552 llemune
270 489 491 565 perturbationes
513 488 687 563 maximeque
708 489 896 562 iracundiam3
919 490 976 546 iam
1000 489 1165 548 uidebuntur

126 606 249 659 monstra
270 600 373 656 dicere.
407 598 488 655 Nunc
505 603 597 653 antem
612 596 649 653 ita
670 596 820 669 disserunt,
837 597 881 653 siu
894 614 933 654 se
955 596 1051 654 dicere
1073 615 1166 655 omnes

127 710 226 766 stultus
248 705 390 778 insanire,
424 710 454 760 nt
475 704 546 760 male
567 704 644 759 olere
666 719 748 760 omne
771 721 898 760 coenum.
956 705 994 760 At
1016 722 1074 761 non
1096 721 1166 761 sem·

126 832 187 889 per.
236 814 408 884 Commune,
442 811 553 867 senties.
603 808 651 865 Sic
684 810 832 866 iracundus
866 827 924 867 uon
946 827 1061 884 semper
1084 811 1166 868 iratus

80 962 83 967 -
127 928 191 994 cst3
214 922 337 991 lacesse,
366 920 421 974 iam
442 917 554 974 uidebis
576 916 724 975 furentem.
767 915 864 987 Quid?
887 917 939 975 ista
961 918 1096 975 bellatrix
1116 918 1167 974 ira·

127 1026 226 1087 cundia
248 1042 335 1098 quum
356 1025 469 1081 dumnm
492 1023 583 1096 rediit,
607 1025 698 1096 qualis
720 1030 762 1080 est
783 1041 847 1081 cnm
868 1041 969 1096 uxore,
987 1025 1168 1097 cumliberis,

128 1152 192 1193 cnm
220 1132 340 1203 familia,
374 1147 409 1187 an
437 1135 495 1185 tum
524 1146 636 1202 qnoque
666 1136 708 1187 est
735 1128 835 1188 utilis?
866 1132 919 1188 Est
947 1132 1034 1203 igitur
1055 1132 1169 1205 aliquid,

129 1241 205 1316 qnod
226 1239 385 1314 perturbata
406 1253 484 1293 mens
507 1236 608 1293 melius
630 1236 720 1309 possit
741 1237 833 1294 tacere
856 1256 941 1311 qnam
963 1246 1116 1312 constans,
1137 1256 1170 1296 an

129 1349 277 1422 qnisquam
298 1350 390 1418 potest
412 1343 472 1401 sine
493 1343 701 1416 perturbatione
722 1343 821 1401 mentis
849 1342 954 1402 irasci?
987 1346 1070 1402 liene
1090 1344 1171 1417 igitur

130 1454 229 1528 nostri,
252 1470 340 1528 quum
362 1452 454 1508 omnia
477 1450 616 1508 essentia
638 1449 764 1507 moribns
787 1449 863 1522 uitia,
886 1453 963 1525 quod
984 1453 1096 1509 nullum
1118 1459 1171 1509 erat

132 1561 272 1622 iracundia
293 1559 413 1631 loedins,
435 1558 583 1615 iracundos
605 1559 681 1614 solos
704 1574 831 1614 morosos
854 1559 1080 1617 nominanerunt.

216 1669 309 1727 XXV.
339 1663 388 1725 55.
419 1665 567 1722 Oratorem
588 1682 656 1721 nero
679 1663 760 1720 irasci
781 1664 896 1722 minime
918 1666 1013 1734 decet,
1044 1667 1172 1724 simulare

133 1794 190 1834 non
213 1775 337 1832 dedecet
369 1773 413 1829 An
436 1772 486 1828 tibi
509 1772 590 1830 irasci
613 1780 672 1827 tum
693 1771 832 1841 uidemur,
855 1789 944 1843 quum
966 1774 1036 1846 qnid
1057 1773 1088 1829 in
1109 1790 1172 1830 cau·

135 1885 174 1941 sis
201 1881 293 1938 acrius
319 1884 347 1935 et
374 1878 565 1935 uehementius
593 1874 734 1934 dicimnsi
768 1876 858 1951 quid‘l
891 1896 978 1952 quum
1006 1879 1064 1936 iam
1092 1881 1173 1937 rebus

134 1986 277 2046 transactis
294 1991 323 2041 et
338 1984 491 2057 praeteritis
510 1984 648 2042 orationes
661 1984 820 2057 scribimus,
840 2003 909 2041 num
927 1985 988 2042 irati
1000 1983 1173 2043 scribimus?

134 2096 241 2169 Ecquis
263 2095 315 2149 buc
345 2092 564 2148 animaduertit?
595 2092 717 2148 uiaeitel
758 2109 825 2148 nnm
857 2099 904 2150 ant
932 2092 1026 2164 egisse
1054 2110 1174 2167 nuquam

135 2205 235 2263 iratum
264 2202 407 2272 Aesopum
441 2206 489 2256 ant
520 2198 666 2271 scripsisse
694 2198 881 2256 existimamus
909 2199 1009 2256 iratum
1036 2197 1174 2258 Accium?

137 2314 267 2384 Aguntur
287 2308 338 2364 ista
360 2308 500 2379 praeclare
528 2313 556 2363 et
577 2307 612 2363 ab
634 2313 743 2363 oratore
765 2304 878 2378 quidem
899 2307 1017 2381 melius,
1046 2307 1070 2365 si
1092 2309 1175 2364 modo

138 2425 181 2476 est
208 2423 316 2486 orator,
346 2430 429 2485 quam
457 2413 493 2469 ab
519 2415 578 2469 ullo
606 2413 757 2485 histrione3
791 2413 841 2470 sed
868 2419 988 2484 aguntur
1024 2415 1126 2472 leniter
1150 2421 1176 2472 et

138 2530 231 2582 mente
252 2520 411 2594 tranquilla.
453 2519 611 2576 Libidinem
640 2536 708 2577 nero
730 2520 844 2576 laudare
865 2520 944 2576 cuins
966 2526 1009 2577 est
1031 2518 1176 2578 libidinis?

141 2630 358 2690 Themistoclem
378 2625 447 2683 mibi
475 2634 503 2684 et
528 2627 745 2684 Demosthenem
773 2627 921 2700 prolertis,
951 2628 1054 2684 additis
1076 2629 1175 2701 Pytha·

141 2755 254 2812 goram,
286 2735 493 2806 Democritum,
515 2735 668 2790 Platonem.
712 2731 810 2802 Quid?
841 2750 894 2790 nos
922 2735 1012 2791 studia
1034 2734 1179 2791 libidinem

141 2840 273 2902 uocatis?
306 2858 377 2914 quae
400 2842 445 2896 nel
468 2841 632 2913 optimarum
654 2858 764 2913 rernm,
797 2845 882 2897 ntea
904 2846 985 2912 sunt,
1018 2857 1092 2914 qnae
1114 2858 1179 2914 pru·

142 2952 235 3023 tertis,
265 2950 357 3006 sedata
384 2954 475 3004 minen
504 2955 531 3004 et
552 2948 699 3018 tranquilla
722 2963 784 3003 esse
806 2947 916 3003 debent.
965 2948 1025 3004 lam
1058 2949 1180 3019 aegritu·

142 3058 236 3115 dinem
257 3055 387 3125 laudare,
421 3070 505 3108 nnam
527 3070 586 3108 rem
608 3053 726 3109 maximo
754 3054 962 3125 detestabilem,
998 3071 1120 3126 qnorum
1140 3060 1181 3112 est

142 3163 252 3222 tandem
274 3156 533 3233 philosophorum?
565 3160 602 3216 At
623 3161 767 3217 commode
790 3160 861 3217 dixit
880 3160 1028 3218 Afranius:

228 3268 384 3326 Durumodo
407 3266 500 3322 debut
521 3267 640 3340 aliquid,
663 3268 756 3324 doleat
778 3268 920 3340 quidlibet.

143 3378 219 3438 Dixit
239 3367 369 3453 enimffde
391 3374 567 3430 adulescente
589 3373 696 3447 perdito
718 3391 750 3431 ac
772 3374 927 3446 dissolut03
959 3391 1011 3431 nos
1034 3380 1127 3431 autem
1148 3376 1183 3432 de

146 3485 278 3544 constanti
300 3485 362 3541 niro
384 3499 416 3539 ac
437 3481 554 3555 sapienti
576 3481 743 3555 quaerimus.
793 3482 831 3537 lit
860 3481 973 3554 quidem
995 3480 1086 3553 ipsam
1107 3482 1182 3539 illam

145 3593 215 3650 iram
237 3591 361 3648 centurio
382 3590 483 3646 habeat
502 3596 549 3646 ant
576 3588 693 3662 signiter
720 3590 766 3644 uel
794 3587 895 3663 ceteri,
928 3588 964 3643 de
997 3588 1100 3660 quibus
1129 3588 1183 3645 dici

215 3877 257 3928 54.
274 3880 404 3947 monstra]
424 3887 519 3934 mostra
536 3882 567 3933 ll.
602 3880 759 3947 perturbata)
776 3895 821 3946 per
836 3883 865 3932 ia
882 3883 961 3933 linire
978 3880 1094 3930 tabern.
1125 3895 1185 3931 mo-

148 3961 232 4027 ribus)
250 3965 354 4014 morbus
370 3967 411 4031 R,
429 3968 475 4017 aed
492 3981 557 4017 corr.
575 3968 605 4016 tn
622 3969 727 4019 morbis.
745 3969 841 4019 morbis
853 3969 882 4017 P.
916 3968 958 4016 bb.
977 3967 1097 4030 dedecet)
1114 3967 1186 4016 decet

149 4048 204 4100 ΒΡ.
239 4046 347 4112 Ecquis)
365 4052 466 4112 etquis
484 4053 537 4102 ΒΡ.
580 4052 709 4117 nuquam)
725 4063 854 4112 nunqnam
873 4052 902 4104 Ρ.
944 4049 1069 4116 Accium)
1085 4052 1185 4102 Attium

152 4131 185 4184 0.
224 4131 356 4182 libidinem
376 4131 489 4196 nocetis)
507 4135 614 4186 libidine
631 4149 687 4187 noc.
707 4136 735 4185 P.
769 4131 815 4195 At)
833 4133 865 4184 ad
884 4133 938 4184 ΒΡ.
