2610 4634
207 276 280 346 126Ι
422 295 1022 342 ruscuras.ursuurarrouurr

205 507 257 546 nec
277 506 371 562 praua.
414 486 508 545 Morbi
536 492 627 543 aulem
654 493 681 544 et
708 485 910 558 aegrotationes
932 492 1026 558 partes
1048 493 1117 542 sunt
1137 487 1244 544 uitiosi·

96 602 100 607 '
204 597 283 669 tatis,
316 597 365 652 sed
387 595 608 668 perturbationes
631 597 721 650 sintne
743 591 867 649 eiusdem
896 600 1007 665 partes,
1037 594 1167 666 quaestio
1196 603 1244 651 esi.

203 703 254 762 30.
278 703 350 761 Uitia
371 701 446 758 eninr
468 702 626 758 affectiones
648 706 712 756 sunt
733 707 885 773 manentes,
908 700 1134 772 perturbationes
1154 709 1243 758 autem

203 815 365 880 mouentes,
393 815 425 864 ut
452 825 508 864 uon
536 808 644 879 possint
665 807 841 864 affectionum
863 807 1034 863 manentium
1056 815 1152 880 partes
1174 825 1243 864 esse.

203 917 295 988 Atque
317 922 347 971 ut
367 914 396 969 in
419 915 497 971 malis
520 914 628 985 attingit
654 914 738 970 animi
766 919 891 970 naturam
921 915 1049 986 corporis
1079 915 1241 987 similitudo,

202 1021 244 1078 sic
271 1021 300 1078 in
328 1020 419 1079 bonis.
474 1021 545 1078 Sunt
571 1021 646 1076 enim
676 1019 705 1075 in
732 1036 850 1092 corpore
878 1021 1026 1092 praecipua
1054 1023 1242 1095 pulchritudo,

203 1128 294 1201 uires,
317 1128 463 1200 ualetudo,
489 1126 619 1200 firmitas,
647 1125 797 1198 uelocitas;
830 1133 893 1183 sunt
914 1127 981 1183 item
1008 1128 1167 1186 inanimo.
1210 1131 1243 1187 Ut

202 1234 277 1290 euim
300 1233 425 1306 corporis
447 1233 619 1305 temperatio,
642 1250 729 1305 quum
751 1251 783 1289 ea
798 1240 954 1304 congruunt
969 1217 1042 1289 inter
1058 1252 1102 1308 se,
1115 1236 1241 1308 equibus

202 1348 375 1413 constamus,
404 1341 523 1414 sanitas,
552 1341 592 1397 sic
613 1341 695 1398 animi
718 1340 834 1412 dicitur,
863 1357 950 1412 quum
972 1340 1032 1396 eius
1055 1340 1161 1399 iudicia
1182 1343 1241 1414 opi·

203 1449 358 1522 niunesque
379 1450 557 1520 concordant,
582 1464 668 1520 eaque
690 1446 775 1503 animi
797 1453 840 1503 est
860 1447 958 1519 uirtus,
981 1464 1066 1519 quam
1089 1449 1138 1506 aiii
1154 1448 1240 1523 ipsa·

202 1556 410 1628 temperantiam
443 1555 538 1611 dicunt
569 1571 647 1626 esse,
688 1553 735 1610 aiii
774 1555 1010 1625 obtemperantem
1044 1557 1240 1628 temperantiae

202 1662 356 1739 praeceptis
384 1669 411 1719 et
437 1680 498 1718 cam
526 1662 739 1734 subsequentem
767 1677 819 1717 nec
839 1661 987 1717 habentem
1009 1662 1098 1718 ullam
1120 1663 1240 1734 speciem

203 1788 298 1842 suam,
322 1769 371 1825 sed
393 1769 454 1825 siue
474 1770 528 1824 boc
551 1769 611 1825 siue
632 1769 703 1824 iliud
726 1770 771 1840 sit,
793 1767 822 1824 in
844 1766 991 1824 solo'esse
1012 1769 1148 1840 sapiente.
1191 1771 1240 1826 Est

202 1882 293 1934 autem
317 1876 452 1948 quaedam
477 1875 560 1931 animi
584 1875 695 1947 sanitas,
709 1892 780 1947 quae
801 1874 829 1930 in
851 1874 1029 1946 insipientem
1053 1875 1137 1932 etiam
1153 1877 1237 1949 cadat,

202 2000 289 2056 quum
317 1981 458 2038 curatione
486 1989 514 2037 et
541 1981 705 2053 purgatione
732 1981 903 2038 medicorum
932 1982 1107 2039 conturbatio
1141 1985 1237 2041 mentis

202 2089 333 2147 aufertur.
383 2086 433 2147 31.
461 2089 498 2144 Et
523 2095 553 2144 ut
580 2087 705 2159 corporis
734 2094 776 2144 est
797 2089 932 2161 quaedam
954 2095 1016 2160 apta
1038 2090 1130 2167 ligura
1151 2107 1236 2147 mem·

201 2198 317 2254 brorum
339 2213 403 2253 cum
425 2195 526 2252 coloris
555 2196 672 2268 quadam
700 2196 849 2268 suauitate,
877 2213 964 2268 eaque
991 2194 1093 2252 dicitur
1115 2196 1237 2268 pulchri·

201 2305 283 2378 tudo,
314 2305 353 2361 sic
380 2304 408 2359 iu
436 2304 528 2359 animo
559 2303 721 2374 opinionum
748 2302 968 2375 iudiciorumque
1000 2304 1184 2375 aequabilitas
1211 2310 1238 2360 et

201 2411 352 2468 constantia
374 2427 438 2467 cum
460 2410 587 2466 firmitate
615 2411 733 2482 quadam
762 2416 794 2465 et
816 2409 962 2466 stabilitate
984 2409 1116 2466 uirtutem
1139 2412 1235 2469 subse-

200 2536 290 2592 quens
322 2524 368 2575 aut
394 2516 504 2573 uirtutis
531 2517 588 2573 uim
618 2516 707 2588 ipsam
734 2515 877 2572 continens
906 2516 1084 2588 pulchritudo
1114 2525 1235 2575 uocatur.

180 2628 325 2699 ‚Itemque
352 2624 460 2682 uiribus
483 2624 607 2696 corporis
637 2631 664 2680 ei
690 2623 783 2680 neruis
806 2630 833 2678 et
854 2623 1006 2680 efficacitati
1029 2624 1137 2682 similes
1159 2625 1236 2682 simi·

200 2735 273 2791 libus
296 2749 409 2806 quoquc
430 2731 524 2788 uerbis
546 2731 631 2787 animi
653 2731 729 2787 uires
755 2730 939 2786 nominantur.
982 2731 1124 2790 Uelocitas
1145 2739 1235 2790 auten

200 2839 326 2913 corporis
356 2839 480 2896 celeritas
508 2840 678 2911 appellatur,
712 2856 783 2910 quae
810 2838 907 2893 eadem
941 2837 1037 2908 ingeni
1065 2838 1149 2896 etiam
1176 2841 1235 2896 laus

199 2946 316 3002 babetur
327 2951 441 3016 propter
452 2945 788 3003 animimultarumrerum
800 2946 1009 3017 breuitempore
1016 2946 1236 3016 percursionem.

262 3050 361 3105 ¹dliv.
384 3051 458 3105 lilud
480 3050 635 3106 animorum
658 3067 861 3124 corporumque
883 3051 1027 3124 dissimile,
1050 3054 1130 3125 quod
1152 3052 1234 3111 animi

200 3159 322 3214 ualentes
344 3156 442 3212 morbo
465 3156 562 3213 tentari
590 3151 666 3235 [non
689 3165 819 3232 possunt,
850 3151 989 3234 corpora]
1019 3165 1152 3230 possunt,
1188 3159 1235 3216 sed

198 3281 347 3337 corporum
369 3263 537 3320 offensiones
567 3263 626 3320 siue
655 3267 735 3337 culpa
764 3265 888 3323 accidere
914 3270 1048 3338 possunt,
1079 3266 1236 3323 animorum

157 3413 164 3425 »
197 3391 253 3431 non
275 3373 358 3446 item,
382 3388 502 3444 quorum
523 3389 619 3428 omnes
642 3373 732 3429 morbi
755 3380 782 3429 et
802 3372 1023 3445 perturbationes
1045 3390 1080 3429 cx
1101 3389 1235 3446 asperna-

198 3482 273 3539 tione
296 3478 408 3537 raiionis
437 3479 584 3553 eueniunt,
617 3479 709 3552 itaque
739 3479 767 3535 iu
796 3457 956 3536 bominibus
985 3481 1077 3536 solum
1104 3480 1234 3539 existunt.

196 3589 268 3644 Nam
290 3588 394 3644 bestiae
416 3587 507 3645 simile
531 3588 663 3661 quiddam
686 3588 796 3661 iaciunt,
820 3587 868 3643 sed
891 3586 921 3643 in
942 3585 1165 3659 perturbationes
1177 3604 1234 3644 nou

264 3794 467 3861 aegrotationes)
493 3797 672 3858 aegrotationis
689 3796 741 3845 ne.
784 3795 826 3844 30.
854 3797 887 3846 Ut
904 3793 988 3859 enirn)
1006 3795 1074 3846 enirn
1092 3796 1147 3847 ΒΡ.
1189 3797 1234 3848 aiii

197 3876 301 3942 ipsum]
319 3881 368 3929 alia
388 3882 470 3942 ipsum
489 3882 540 3932 ΒΡ.
578 3887 603 3930 et
624 3879 789 3946 purgatione)
814 3887 839 3931 et
857 3880 1015 3942 pturbatione
1033 3881 1086 3930 RP.
1130 3895 1182 3931 one
1201 3881 1233 3931 0.

195 3963 237 4013 81.
257 3963 385 4013 similibus
402 3966 524 4031 quoqne)
540 3967 719 4028 similibusque
737 3967 790 4018 ni).
827 3964 1037 4029 percursionem)
1055 3967 1235 4027 percursiones

196 4047 255 4098 Non
277 4061 307 4110 p.
325 4044 388 4099 1⁶1.
406 4052 599 4110 percussionem
616 4051 672 4104 Rl’.
717 4049 785 4116 [non
803 4055 919 4114 possunt,
937 4047 1067 4116 corporei)
1085 4051 1141 4102 aias
1159 4052 1233 4100 oncis

196 4130 274 4186 RPO.
310 4130 445 4195 quiddam)
465 4134 568 4194 quidem
586 4135 628 4195 n,
644 4138 690 4186 sed
707 4151 772 4185 corr.
790 4137 818 4186 tn
836 4135 967 4196 quiddam.
