2610 4634
139 250 203 324 ibt
353 262 977 313 rocconemnrsruraarosum

136 466 170 513 se
189 454 297 512 bibisse
315 453 479 527 iucundiusa
511 468 654 527 nunqnam
674 452 806 511 uidelicet
834 452 931 511 sitiens
957 455 1080 515 biberat.
1122 459 1175 517 Neo

136 561 263 619 esuriens
295 562 472 618 Ptolemaeus
498 560 624 632 ederat,¹
643 559 689 617 cui
716 576 802 633 quum
833 562 995 634 peragranti
1022 564 1175 637 Aegyptum

137 668 287 724 comitibus
312 684 370 724 non
396 666 552 724 consecutis
580 666 702 723 cibarius
727 665 758 722 in
783 683 848 724 casa
876 669 958 738 panis
986 669 1068 726 datus
1096 678 1175 744 esset,

28 858 32 863 1
135 774 206 831 nibil
228 774 319 831 uisum
340 780 383 830 est
403 773 453 830 illc
476 790 547 846 pane
573 772 730 828 iucundius.
780 773 925 830 Socratem
951 774 1062 846 lerunt,
1093 793 1176 849 quum

136 881 284 953 usquead
305 894 454 951 uespmm
482 878 636 935 contentius
667 879 836 952 ambulares,
864 880 1081 954 quaesitumque
1107 889 1178 939 essct

137 1004 172 1043 ex
193 1003 243 1058 eo,
266 1002 353 1059 quare
373 984 402 1041 id
424 984 542 1057 laceret,
565 985 745 1056 respondisse
767 1001 808 1057 se,
830 1001 888 1058 quo
911 986 1016 1045 melina
1037 994 1176 1062 coenatu,

136 1108 275 1166 opsonare
295 1090 462 1148 ambulando
484 1089 597 1148 tamem.
648 1089 699 1150 98.
730 1087 830 1159 Quid?
860 1091 966 1149 uictum
988 1094 1175 1151 Lacedaemo·

135 1197 247 1254 nicrum
268 1196 297 1254 iu
319 1196 435 1270 philitiis
457 1213 551 1253 nonne
571 1195 723 1254 uidemus?
744 1198 798 1255 Ubi
820 1215 908 1271 quum
928 1205 1066 1272 tyrannus
1078 1217 1176 1257 coena·

135 1303 223 1363 nisset
244 1303 407 1378 Dionysius,
429 1303 541 1376 negauit
563 1321 594 1360 se
614 1303 676 1360 iure
696 1304 747 1360 illo
769 1304 872 1375 nigro,'
885 1307 962 1377 quod
980 1313 1178 1380 coe-ecaput

136 1419 204 1486 erat,
226 1412 402 1471 calecatum.
456 1412 529 1468 Tum
550 1411 592 1485 is,
621 1411 670 1483 qui
691 1410 739 1466 illa
761 1418 888 1467 coxerat:
915 1410 1037 1469 Minime
1059 1413 1175 1486 mirum3

14 1536 17 1541 ’
136 1519 312 1576 condimenta
333 1517 407 1574 enim
428 1518 583 1574 doluerunt
626 1517 704 1585 Quae
726 1518 848 1589 landem,
871 1516 962 1589 inquit
982 1515 1057 1575 illc?
1086 1521 1178 1576 Labor

135 1625 165 1684 in
187 1632 304 1698 uenatu,
326 1625 427 1698 sudor,
450 1640 547 1682 corsus
568 1625 602 1681 ad
624 1624 774 1696 Eurotam,
797 1624 902 1696 tames,
924 1624 1003 1698 sitis,
1037 1625 1082 1682 bia
1104 1626 1177 1683 enim

134 1735 220 1791 rebus
240 1732 523 1789 Lacedaemoniorum
544 1732 644 1802 epulae
664 1729 840 1786 condiuntur.
884 1732 977 1803 Atque
998 1731 1055 1788 boc
1071 1749 1131 1790 non
1143 1742 1176 1790 e‘a

134 1840 279 1897 bominum
306 1854 386 1895 more
412 1838 520 1909 solum,
549 1837 599 1892 sed
627 1836 709 1893 ctiam
737 1850 772 1892 cx
797 1836 895 1892 bestiis
921 1837 1043 1908 intelligi
1075 1846 1176 1913 potest,

134 1960 222 2018 quae,
245 1949 276 2000 ut
296 1942 429 2016 quioquid
451 1942 590 1998 obiectum
611 1948 671 2013 est,
699 1943 776 2015 quod
797 1943 883 2027 modu
903 1960 920 2000 a
941 1949 1039 2000 natura
1061 1945 1178 2002 nonsit

134 2050 273 2125 alienum,
299 2066 334 2106 co
360 2053 505 2106 contentae
530 2064 587 2104 uon
616 2054 751 2121 quaerunt
777 2048 906 2120 amplius.
961 2047 1012 2108 99.
1043 2049 1176 2109 Ciuitates

134 2159 272 2231 quaedam
291 2157 440 2214 uniuersae
459 2171 540 2212 more
561 2154 658 2210 doctae
679 2153 849 2227 parsimonia
869 2155 1059 2229 delectantem,
1089 2156 1121 2216 ut
1142 2158 1176 2216 da

133 2263 360 2322 Lacedaemoniis
382 2263 476 2336 paullo
498 2267 561 2319 ante
582 2260 713 2320 diximus.
766 2263 916 2318 Persarum
943 2278 960 2318 a
986 2258 1177 2338 Xenophonte

134 2373 224 2428 uictus
258 2369 421 2443 exponitur,
455 2385 527 2442 quos
558 2373 642 2439 negat
672 2369 707 2424 ad
732 2383 833 2440 panem
862 2367 997 2426 adbibere
1025 2370 1176 2445 quicquam

133 2483 244 2551 praeter
270 2475 443 2534 nasturtium.
496 2476 677 2549 Quanquam,
710 2473 734 2531 si
763 2474 901 2547 quaedam
929 2475 1011 2533 etiam
1045 2478 1177 2535 suauicra
1220 2494 1223 2498 ’

133 2591 231 2642 natura
252 2583 401 2656 desideret,
423 2599 508 2655 quam
527 2583 614 2638 multa
636 2596 671 2637 ex
691 2587 764 2637 terra
784 2580 991 2654 arboribusque
1012 2582 1176 2658 gignuntur,

135 2707 223 2766 quum
244 2690 324 2762 copia
345 2688 430 2763 facili,
451 2694 511 2745 tum
532 2687 666 2744 suauitate
687 2686 872 2759 praestantia!
906 2687 987 2744 adon
1012 2687 1175 2764 siccitatem,

135 2813 208 2871 quac
228 2797 409 2870 consequitur
430 2795 502 2851 banc
522 2794 719 2851 continentiam
739 2794 768 2851 in
790 2793 885 2868 uictu;
906 2793 1178 2867 addeintegritatem

134 2894 318 2976 ualetudinis3
359 2900 429 2961 100.
457 2900 556 2958 conlcr
582 2901 729 2973 sudantes,
756 2904 911 2973 ructamcs,
934 2900 1053 2957 refertos
1082 2902 1176 2973 epulis

133 3015 265 3080 tanquam
284 3008 393 3079 opimos
415 3008 519 3062 boues:
541 3011 600 3060 tum
621 3005 770 3079 intelliges,
793 3005 842 3079 qui
863 3006 1036 3078 nolraptatem
1055 3006 1176 3064 maxime

134 3118 299 3186 sequantur,
328 3128 378 3168 ecs
404 3110 519 3167 minime
542 3110 693 3186 consequi,
721 3111 978 3184 iucunditatemque
998 3111 1090 3170 uictus
1113 3130 1175 3170 esse

85 3256 93 3264 κ
133 3218 163 3277 in
184 3217 341 3291 desiderio,
368 3232 426 3275 non
451 3215 482 3273 in
507 3216 639 3275 satieme.
682 3217 804 3275 XXXV.
837 3218 1034 3292 Timotheum,
1068 3218 1175 3276 clarum

133 3326 278 3384 bominem
298 3324 415 3384 Athenis
433 3329 464 3382 et
484 3323 639 3398 principem
660 3325 794 3400 ciuitab's,
824 3325 932 3409 lerunt,
960 3341 1050 3397 quum
1072 3341 1175 3382 coena·

203 3579 309 3643 sitiens)
327 3583 440 3631 sentiens
461 3583 515 3632 ΒΡ.
551 3583 591 3633 cui
605 3581 699 3646 quum)
716 3582 759 3632 Sic
778 3582 846 3632 lllcn.
861 3597 890 3646 p.
909 3579 957 3631 93.
978 3580 1085 3631 cuiItP.
1113 3594 1176 3642 per-

134 3663 249 3727 agranti]
272 3665 439 3727 peregrinanti
457 3665 560 3715 Non-l.
578 3667 596 3714 l.
620 3665 750 3729 cibarius)
772 3666 875 3716 clbarils
892 3666 925 3715 tt.
969 3663 1048 3728 casa)
1071 3663 1126 3714 cisa
1144 3664 1173 3713 Ρ.

133 3748 219 3797 uisum
238 3748 292 3811 est)
308 3748 395 3798 uisum
412 3747 479 3796 llos.
502 3748 647 3813 Socratem)
664 3750 783 3800 Socraten
801 3750 869 3802 lton.
883 3764 912 3813 p.
929 3745 1000 3800 166.
1019 3747 1176 3811 uesperum)

115 3829 178 3880 -Stc
194 3830 261 3879 Non.
279 3831 295 3879 l.
313 3832 330 3880 t
348 3843 482 3892 uesperam
499 3832 529 3881 P.
563 3832 658 3894 qnare)
682 3844 728 3881 cnr
744 3832 812 3885 lton.
830 3824 973 3895 opsonare)
996 3831 1120 3881 obsanare
1139 3831 1173 3881 R.

132 3912 175 3962 98.
193 3919 268 3974 ccpltt
285 3915 352 3978 erat)
369 3921 487 3976 capuerat
504 3916 556 3965 lte.
591 3917 623 3966 ad
639 3915 772 3979 Eurotam)
789 3917 821 3967 ab
836 3916 930 3966 liurota
939 3915 993 3964 ΒΡ.
1019 3913 1104 3977 qood)
1121 3927 1175 3976 quo

133 3995 188 4046 bil.
221 3997 357 4061 aalma)
373 4004 462 4049 natura
478 3999 508 4049 Ρ.
544 3996 587 4064 [a]
604 4005 692 4050 maana
709 4000 743 4052 0.
775 3999 996 4063 moretonium)
1011 3998 1173 4050 naturatum

136 4079 202 4131 Non.
218 4093 245 4143 p.
263 4076 335 4130 560.
353 4080 407 4131 nr.
440 4082 533 4145 worn)
548 4081 654 4134 tento.
839 4086 843 4095 '
