2610 4634
198 268 242 333 90
424 277 648 327 uuscuuau.
688 278 1038 327 nrsruraurouuu

199 466 388 545 superbiam?
431 469 460 527 ls
487 486 575 543 Qum
601 467 707 527 restitui
735 468 765 525 in
793 476 912 541 regnum
932 486 985 528 nec
1004 468 1167 530 Ueientium
1187 488 1255 546 nec>

197 577 360 664 Latinorum
381 575 464 634 armis
492 575 645 650 potuisset,
675 576 776 633 Cumas
798 576 949 634 contulisse
977 593 1007 634 se
1029 576 1133 634 dicitur
1153 578 1235 651 inque

199 700 233 742 ea
253 685 323 741 urbe
345 684 423 742 senio
445 689 474 740 et
493 682 666 754 aegritudine
687 699 749 739 esse
771 683 923 742 conlectus.

283 791 365 847 Xlll.
396 791 460 846 Hoc
491 795 520 846 tu
547 789 632 860 igitur
661 805 756 847 censes
786 789 902 862 sapienti
924 790 1051 847 accidere
1072 806 1178 866 posse,
1207 798 1236 850 ut
1287 819 1293 836 ι

103 941 105 948 ,
198 896 371 968 aegritudine
393 895 572 969 opprimatur,
594 894 624 951 id
646 902 689 951 est
709 892 841 952 miseria?
863 896 935 953 Nam
952 913 1040 970 quum
1058 898 1151 955 omnis
1173 915 1235 971 per-

199 1001 452 1061 turbatiormiseria
473 1007 530 1075 est,
557 1008 615 1058 tum
637 1001 794 1059 carnificina
815 1008 858 1059 est
878 1004 1034 1074 aegritudo.
1077 1005 1173 1062 Habet
1193 1023 1235 1063 ar·

199 1111 297 1167 dorem
318 1109 416 1182 libido,
440 1106 579 1166 leuitatem
595 1108 696 1165 laetitia
713 1107 844 1180 gestiens,
862 1109 1045 1166 humilitatem
1061 1117 1171 1184 metus3
1189 1111 1236 1168 sed

199 1216 342 1290 aegritudo
364 1216 469 1274 maiora
490 1216 636 1288 quaedam,
656 1215 756 1288 tabem,
771 1214 931 1289 cruciatum,
943 1193 1162 1292 afflictationem,
1176 1216 1235 1274 loc·

199 1323 326 1396 ditatem3
353 1324 469 1396 lacerat,
499 1327 576 1378 exest
594 1295 725 1378 ‘animum
746 1322 884 1394 planeque
906 1322 1025 1379 conticit.
1080 1325 1165 1382 Hanc
1184 1323 1235 1382 uisi
1261 1312 1264 1317 ¹

199 1430 326 1487 exuimus
349 1429 399 1501 sic,
421 1434 452 1485 ut
472 1426 634 1500 abiciamus,
655 1427 767 1484 miseria
789 1445 883 1484 carere
905 1445 961 1485 aon
982 1446 1145 1501 possumus.

283 1534 335 1596 28.
358 1538 448 1608 Atque
468 1536 523 1591 hoc
544 1535 657 1608 quidem
679 1535 857 1607 perspicuum
878 1542 930 1608 est,
953 1543 1012 1592 tum
1033 1537 1236 1608 aegritudinem

199 1642 327 1716 existere,
350 1660 437 1715 quum
458 1641 526 1714 quid
541 1641 577 1697 ita
598 1643 690 1698 uisum
713 1642 759 1712 sit,
781 1648 811 1698 ut
828 1659 959 1713 magnum
976 1643 1118 1715 quoddam
1133 1646 1236 1701 malum
1295 1695 1297 1705 ,

199 1750 297 1805 adesse
319 1754 345 1805 et
365 1764 466 1820 urgere
496 1747 631 1805 uideatur.
686 1747 808 1821 Epicuro
835 1755 927 1805 autem
955 1751 1046 1821 placet
1074 1746 1236 1822 opinionem

198 1856 265 1911 mali
286 1855 489 1925 aegritudinem
513 1871 575 1910 esse
597 1862 708 1928 natura,
737 1861 766 1912 ut
792 1853 951 1928 quicunque
972 1855 1112 1912 intueatur
1132 1855 1163 1914 in
1184 1856 1235 1914 ali-

192 1960 276 2033 ,quod
296 1959 386 2017 maius
407 1961 528 2032 malum,
552 1960 576 2017 si
597 1960 626 2016 id
648 1961 703 2018 sibi
724 1960 858 2017 accidisse
880 1960 1024 2033 opinetur,
1047 1961 1083 2018 sit
1104 1963 1235 2020 continuo

197 2065 228 2123 in
248 2066 429 2138 aegritudine.
474 2066 617 2140 Cyrenaici
644 2084 700 2123 non
727 2067 803 2123 omui
831 2069 904 2123 malo
934 2068 1137 2140 aegritudinem
1163 2069 1234 2127 citici

166 2250 171 2257 ι
199 2178 326 2246 censent,
355 2173 405 2230 scd
432 2177 571 2246 insperato
600 2181 627 2230 et
658 2173 823 2245 necopinato
854 2176 938 2231 malo.
991 2175 1043 2231 Est
1069 2173 1100 2231 id
1122 2175 1235 2249 quidem

198 2295 256 2337 nou
277 2279 417 2336 mediocre
438 2281 473 2336 ad
495 2280 696 2352 aegritudinem
714 2279 887 2354 aagendam
908 2279 1039 2338 uidentur
1056 2281 1133 2339 enim
1144 2281 1236 2339 onmia

198 2386 498 2459 repentinagrauiora.
540 2388 585 2442 Ex
606 2387 660 2442 hoc
681 2393 709 2442 et
727 2385 777 2442 illa
798 2386 859 2442 iure
879 2388 1042 2444 laudanturr
1080 2430 1083 2435 .
1133 2364 1137 2372 Ι

240 2492 304 2564 Ego
328 2508 413 2565 qaam
432 2495 525 2564 penui,
548 2498 605 2549 tam
624 2496 776 2549 rueritaror
797 2495 869 2550 aciat
890 2499 916 2549 et
936 2496 961 2550 ci
981 2496 1023 2550 rei
1045 2494 1158 2561 sustuli.

240 2600 387 2658 Praeterea
415 2602 457 2657 ad·
474 2601 587 2656 Troiam
615 2616 699 2672 qaam
718 2587 839 2656 mot‘ol
861 2601 1057 2683 defendendum
1078 2600 1235 2676 Graeciam,

242 2706 351 2764 Scibam
371 2725 412 2764 me
432 2711 463 2764 ia
483 2708 655 2781 mortiferam
678 2707 785 2778 bellam,
807 2723 865 2762 aon
885 2709 917 2762 ia
938 2707 1038 2779 epulas
1055 2710 1173 2765 omittere.

282 2813 361 2870 XIV.
393 2811 444 2872 29.
477 2814 555 2872 Haec
582 2813 668 2886 igitur
688 2812 894 2886 praemeditatio
917 2813 1075 2870 futurorum
1096 2815 1236 2872 malorum

198 2919 267 2976 lenit
286 2936 383 2976 eorum
404 2922 563 2992 aduentum,
587 2937 658 2992 quae
679 2898 819 2976 uenientia
841 2900 924 2990 longe
946 2925 1009 2976 ante
1031 2919 1145 2978 uideris.
1180 2922 1235 2978 lta-

198 3042 253 3098 que
274 3024 348 3096 apud
368 3026 523 3097 Euripiden
544 3043 570 3083 a*
583 3027 693 3082 Theseo
716 3025 787 3082 dicta
810 3026 984 3100 laudantur3·
1006 3025 1071 3083 licet
1092 3026 1184 3101 enim,
1207 3033 1237 3084 ut

110 3184 114 3197 ,
199 3148 281 3203 saepe
303 3129 429 3205 facimus,
451 3131 481 3188 iu
503 3131 631 3189 Latinum
652 3132 700 3189 illa
721 3139 901 3188 conuertere:

184 3273 187 3277 Δ
239 3238 314 3295 Nam
335 3241 384 3310 qai
405 3239 472 3294 leaeo
493 3241 592 3294 audita
614 3256 632 3294 a
655 3242 734 3295 docto
756 3242 935 3295 meminissem
955 3240 1031 3312 uiro,
1086 3240 1088 3244 ’

239 3345 364 3402 Futuras
383 3357 485 3400 mecam
505 3347 706 3402 commentabar
726 3329 870 3414 miseriam

146 3509 148 3513 ,
240 3449 296 3508 Aac
315 3458 429 3509 mortua
450 3453 576 3507 acerbam
597 3456 647 3507 aut
668 3453 735 3508 coriti
755 3456 886 3508 maestam
906 3452 1006 3523 sagam

225 3554 296 3624 ,Aut
316 3575 419 3630 semper
441 3559 566 3632 aliquam
585 3558 683 3614 molem
701 3560 855 3615 meditabar
875 3558 955 3631 mali,
1048 3605 1050 3610 s

264 3856 306 3906 '22
319 3860 477 3922 Ueientium)
488 3860 640 3922 {tegentium
655 3857 709 3908 ΒΡ.
734 3857 1034 3924 Latinorum)Latiorum
1043 3859 1099 3910 lil’r
1124 3860 1238 3925 essem

197 3938 252 4007 ΒΡ.
286 3941 330 3990 23.
351 3942 377 3990 in
396 3943 572 4007 aegritudine)
590 3945 616 3994 in
634 3941 819 4004 aegritudinem
836 3943 871 3996 ll.
905 3943 995 4007 malo)
1020 3947 1097 3996 modo
1115 3947 1167 4010 a,
1189 3946 1239 3994 ssd

197 4038 266 4075 corr.
283 4025 398 4075 mmalo.
410 4027 548 4089 emulum.
558 4012 598 4079 Ρ(
624 4033 650 4078 et
666 4024 831 4089 necopinato)
849 4028 1003 4088 necopinato·
1017 4028 1046 4077 P.
1081 4028 1239 4093 moriarros)

198 4111 348 4161 mortuarum
366 4107 399 4160 0.
432 4108 555 4191 &tumul
571 4110 690 4165 ιω·
705 4104 769 4161 ΙΨ.1
796 4105 841 4165 D.
859 4108 1015 4177 amplum)
1031 4111 1184 4176 Euripidem
1202 4113 1236 4164 0.
