2610 4634
138 265 200 331 lta
353 256 957 327 cusculiunisuuasasonun

136 474 279 548 loquimur
299 487 373 531 nunc
392 488 472 530 mose
493 471 643 530 communi.
686 471 748 529 Sint
769 489 835 530 sane
845 471 898 530 ista
919 473 1007 547 hona,
1031 491 1105 548 quae
1126 493 1174 549 pu·

136 587 243 656 tantm,
266 582 396 655 honores,
419 581 542 655 diuitiae,
564 581 731 652 uoluptates,
747 586 853 654 cetera,
875 580 1023 638 tamenin
1045 582 1088 639 eis
1109 583 1175 656 ipsis

135 689 276 762 potiundis
299 691 425 746 exultans
448 689 624 760 gestiensque
645 687 749 744 laetitia
770 687 858 758 turpis
881 694 934 761 est,
963 694 1005 760 ut,
1040 689 1065 747 si
1088 689 1175 747 ridere

137 813 300 853 concessum
326 795 371 869 sit,
394 796 566 868 uituperetur
584 801 676 851 tamen
687 794 867 851 cachinnatio.
900 795 1014 851 Eodem
1036 797 1113 853 enim
1135 798 1173 853 ui·

50 910 57 921 “
137 904 176 960 tio
198 910 240 960 est
256 901 366 959 'effusio
392 903 476 960 animi
496 904 525 959 in
547 902 666 975 laetitia,
690 918 747 975 quo
768 902 797 957 in
819 901 918 958 dolore
940 905 1110 974 contractio,
1131 921 1173 960 ea·

136 1011 257 1082 demque
279 1010 389 1066 leuitate
411 1010 546 1081 cupiditas
569 1010 611 1066 eit
633 1009 660 1065 in
671 1009 836 1081 appetendo,
861 1026 915 1080 qua
938 1009 1043 1067 laetitia
1066 1011 1097 1067 in
1117 1011 1172 1068 lm·

136 1117 220 1189 endo,
244 1122 272 1172 et
291 1122 323 1171 ut
343 1116 426 1173 nimis
454 1115 548 1172 asllicti
569 1116 715 1189 molestia,
738 1115 778 1172 sic
798 1115 881 1172 nimis
903 1117 968 1172 elati
992 1117 1097 1174 laetitia
1118 1118 1172 1175 iure

135 1223 292 1280 iudicantur
313 1224 400 1279 leues.
443 1224 480 1279 Et
495 1239 582 1295 quum
603 1222 729 1278 inuidere
751 1222 931 1293 aegritudinis
953 1224 1001 1299 sit,
1024 1226 1106 1282 malis
1127 1242 1172 1282 au·

135 1336 192 1387 tem
213 1329 313 1386 alienis
333 1331 504 1401 uoluptatem
525 1345 625 1402 capere
643 1329 772 1402 laetitiae,
786 1336 935 1403 utrumque
956 1331 1129 1390 immanitate
1149 1340 1173 1390 et

135 1436 243 1494 feritate
265 1439 384 1510 quadam
405 1437 586 1511 proponenda
604 1435 732 1506 castigari
755 1437 834 1492 solet
867 1437 960 1510 Atque
979 1447 1012 1499 ut
1028 1442 1172 1514 prouidere

136 1545 232 1618 decet,
255 1545 352 1601 timere
374 1562 430 1601 non
453 1545 546 1618 decet,
570 1544 611 1600 sie
633 1542 754 1614 gaudere
777 1543 864 1616 decet,
887 1543 982 1600 laetari
1006 1561 1064 1601 non
1087 1546 1171 1615 dccet,

136 1651 269 1726 quoniam
291 1652 408 1708 docendi
430 1668 550 1708 causaa
577 1651 680 1721 gaudio
710 1649 841 1707 laetitiam
869 1652 1081 1723 distinguimus.
1125 1649 1171 1710 6⁷.

136 1759 210 1815 lllud
233 1757 287 1813 iam
309 1774 392 1830 supra
413 1756 550 1832 diximus,
574 1757 789 1814 contractionem
813 1757 897 1814 animi
921 1765 996 1815 recte
1019 1759 1082 1815 lieri
1104 1775 1172 1815 uuu-

136 1881 220 1936 quam
241 1879 335 1936 posse,
358 1864 507 1920 elationem
529 1881 630 1940 posse;
652 1864 732 1921 aliter
753 1864 828 1921 enim
850 1865 1012 1922 Naeuianus
1034 1867 1086 1923 ille
1107 1883 1172 1938 gau-

136 1971 183 2027 det
203 1970 325 2026 Hector:
764 1967 766 1970 ’

177 2078 280 2134 Laetus
302 2094 362 2132 sum
384 2077 497 2134 laudari
518 2096 558 2134 me
580 2081 630 2135 abs
652 2084 686 2154 te,
704 2083 798 2153 puter,
821 2097 840 2135 a
861 2079 978 2136 laudato
1001 2083 1087 2152 πίνω

136 2185 215 2244 aliter
235 2184 285 2242 ille
305 2187 380 2257 apud
402 2184 553 2242 Trabeam:
628 2218 631 2222 ,

177 2294 255 2350 Lena
275 2293 391 2349 delenita
413 2298 527 2364 argento
542 2268 646 2349 *nulum
667 2295 826 2349 olseruulnl
845 2311 942 2367 meum,

180 2400 256 2468 Quid
276 2401 368 2473 uelim,
390 2402 458 2472 quid
473 2403 613 2472 studeam
637 2403 782 2456 adueniens
798 2403 886 2472 digito
898 2400 1170 2476 impellentium,

177 2508 264 2564 Fores
282 2509 427 2581 patebunt,
450 2509 483 2562 dc
502 2509 656 2579 improuiso
680 2507 795 2578 Chrysis
816 2510 867 2563 ubi
885 2525 926 2562 me
948 2513 1101 2584 aspexerit,

177 2614 287 2673 illaesis
309 2617 422 2672 obuiam
441 2615 511 2670 mitt
532 2617 621 2670 amiel
642 2615 813 2688 complessem
833 2620 970 2688 eoeoptuns
989 2622 1091 2691 mcum,

177 2723 252 2780 Mili
273 2741 301 2779 se
323 2725 408 2779 dedet.

135 2830 226 2898 Quam
247 2831 315 2888 haec
336 2830 452 2913 pulchra
473 2835 561 2905 putet,
584 2828 645 2902 ipse
666 2828 721 2885 iam
743 2829 830 2886 dicet:

362 2937 518 2993 Fortunam
537 2937 629 3008 ipsum
651 2938 760 2992 castule
781 2939 904 3011 fortunis
925 2941 1002 2995 mdc.

219 3042 343 3099 xxxtl.
367 3040 417 3100 68.
445 3044 523 3099 llaec
544 3041 645 3099 laetitia
667 3060 749 3116 quam
771 3044 857 3117 turpis
880 3044 930 3119 sit,
955 3044 1022 3102 satis
1045 3052 1089 3103 est
1109 3048 1171 3104 dili·

135 3154 232 3221 genter
252 3148 438 3205 attendentem
459 3149 568 3222 penitus
590 3150 696 3207 uidere.
739 3151 776 3206 Et
796 3156 827 3206 ut
846 3158 941 3223 turpes
962 3159 1038 3226 sunt,
1061 3155 1111 3228 qui
1132 3155 1172 3212 el·

135 3256 228 3314 lerunt
254 3272 284 3312 se
313 3256 415 3312 laetitia
441 3264 510 3330 tum,
544 3273 629 3330 quum
661 3257 790 3313 fruuntur
816 3257 949 3315 Uenereis
972 3260 1172 3335 uoluptatibus,

134 3365 176 3422 sic
198 3364 343 3438 flagitiosi,
374 3362 422 3437 qui
444 3381 491 3421 eas
513 3364 681 3422 inflammato
703 3364 796 3421 animo
819 3365 1028 3437 concupiscunt.
1085 3369 1172 3425 Totus

134 3488 204 3530 uero
227 3471 288 3546 iste,
312 3471 360 3546 qui
382 3473 468 3543 uulgo
490 3474 645 3546 appellatur
665 3489 744 3530 amor
765 3466 831 3552 (nec
848 3472 961 3529 hercule
978 3475 1104 3548 inuenio,
1117 3491 1172 3550 quo

134 3579 247 3636 nomine
269 3580 324 3636 alio
346 3581 435 3652 possit
456 3571 626 3656 appellari),
654 3585 742 3636 tantae
765 3577 882 3635 leuitatis
904 3584 963 3653 est,
984 3588 1017 3638 ut
1037 3582 1109 3640 nihil
1130 3582 1173 3640 ui·

133 3686 225 3761 deam,
248 3689 324 3760 quod
346 3692 440 3761 putem
462 3685 668 3743 conserendum.
713 3686 804 3754 Quem
826 3681 970 3744 Caecilius

201 3869 245 3918 66.
275 3870 362 3921 aillicli
385 3869 520 3936 molestia)
547 3869 657 3919 addictio
680 3872 798 3921 molestia
820 3873 874 3922 ΒΡ.
919 3873 1006 3924 altlieli
1028 3876 1122 3926 molles
1140 3876 1172 3927 0.

134 3951 229 4016 nimis)
247 3954 341 4004 animis
358 3956 411 4007 ΒΡ.
446 3952 597 4020 prouidere)
613 3956 739 4006 confidere
757 3957 823 4006 Non.
839 3971 869 4020 p.
887 3955 959 4010 444.
991 3959 1045 4009 ΒΡ.
1081 3973 1171 4011 mucre

134 4039 167 4092 0.
204 4037 260 4100 sie)
274 4039 312 4088 sie
330 4041 435 4099 quidem
453 4041 520 4091 Non.
538 4041 555 4090 l.
572 4039 591 4088 l.
633 4038 676 4092 67.
695 4040 911 4105 contendissem)
929 4046 1100 4096 contractione
1119 4046 1171 4096 tm.

134 4124 230 4177 lausduni
250 4120 305 4188 me)
325 4124 419 4172 laudari
437 4125 467 4173 P.
504 4123 562 4186 illc)
581 4122 649 4170 enim
668 4123 697 4170 P.
730 4123 774 4175 68.
792 4125 931 4190 Uenereis)
948 4129 1066 4179 Uenerlls
1083 4130 1138 4181 ΗΡ.
