2610 4634
430 295 507 341 urs.
526 284 549 341 l.
581 298 665 342 cnr.
688 281 822 345 13-15.
1105 286 1146 353 1³

107 486 206 543 dolent
217 485 335 543 fortasse
355 492 384 542 et
403 492 561 559 anguntu13
582 486 633 543 sed
653 485 703 543 illa
723 485 851 558 lugrrbris
871 488 1028 546 lamentatio
1049 490 1144 550 deus·

107 610 163 667 quc
182 608 311 649 maerens
331 609 368 649 ex
394 610 429 649 eo
461 599 520 667 est,
554 594 631 666 qnod
657 612 736 667 eum,
765 611 849 666 quem
877 594 1040 665 dileximus,
1070 599 1145 657 uitae

52 745 55 749 .
106 699 261 756 commodis
282 699 421 773 priuatum
442 700 607 757 arbitramur
633 700 718 774 idque
746 701 858 757 sentire.
900 703 991 774 Atque
1018 703 1087 761 hacc
1106 707 1144 763 ita

106 806 241 863 sentimus
262 812 359 863 namra
379 808 460 881 duce,
481 809 559 864 nulla
579 808 687 865 ratione
708 809 840 880 nullaque
862 809 996 867 doctrina.

190 914 271 970 XIV.
291 911 344 972 31.
364 914 519 972 Maximum
540 931 609 971 uero
631 922 824 999 argumentum
845 921 887 972 est
908 923 1032 973 naturam
1054 916 1145 989 ipsam

106 1019 142 1077 do
168 1020 372 1079 immortalitate
404 1022 559 1078 animorum
591 1021 701 1078 tacitam
732 1021 873 1094 iudicare,
905 1024 981 1096 quod
1014 1024 1144 1083 omnibus

67 1129 70 1133 '
90 1143 188 1189 ,curae
210 1134 285 1201 sunt,
307 1134 335 1186 et
355 1129 490 1185 maximae
512 1128 636 1201 quidem,
654 1145 725 1200 quae
741 1135 805 1200 post
821 1137 938 1186 mortem
965 1129 1057 1186 lutura
1078 1131 1144 1191 sint.

106 1233 182 1291 Serit
203 1237 333 1310 arbores,
362 1252 433 1307 quoe
462 1235 543 1290 alteri
563 1235 653 1290 saeclo
672 1238 800 1306 prosint,
832 1243 862 1292 ut
888 1236 926 1292 ait
946 1236 975 1293 in
998 1238 1143 1309 Synephe-

35 1335 39 1341 ’
105 1338 168 1415 liis,
201 1341 269 1414 quid
295 1351 421 1415 spectans
449 1341 505 1397 nisi
532 1342 614 1397 etiam
646 1348 757 1413 postera
789 1344 898 1399 saecula
924 1343 959 1400 ad
992 1361 1022 1400 sc
1053 1345 1144 1416 perti·

105 1443 198 1505 nore?
230 1448 309 1517 llrgo
336 1447 451 1505 arbores
477 1455 551 1505 seret
572 1449 692 1519 diligens
721 1449 857 1522 agricola,
886 1466 1004 1522 quarum
1029 1451 1144 1523 aspiciet

105 1555 204 1613 bacam
225 1554 288 1627 ipse
308 1571 475 1627 nunquam:
502 1555 548 1613 uir
573 1572 691 1626 maguam
719 1556 813 1629 leges,
842 1555 978 1629 instituta,
1008 1574 1067 1615 rem
1088 1575 1144 1631 pu·

104 1662 208 1719 blicam
228 1678 287 1718 non
306 1657 402 1718 seret?
429 1663 503 1731 Quid
524 1663 678 1735 procreatio
699 1662 870 1733 liberorum,
893 1664 960 1736 quid
982 1664 1143 1736 propagatio

104 1767 243 1841 nominis,
272 1767 340 1841 quid
361 1768 550 1841 adoptationes
572 1770 710 1839 liliorum,
742 1770 809 1842 quid
831 1772 1143 1828 testamentorum-dili·

105 1874 214 1949 genua,
243 1874 312 1948 quid
344 1873 404 1946 ipsa
436 1878 629 1949 sepulcrorum
663 1870 881 1954 [monumenta]
916 1878 1008 1950 elogia
1034 1878 1143 1950 signifi-

105 1988 168 2039 mnt
195 1980 251 2037 nisi
279 1999 331 2039 nos
363 1983 456 2041 intuta
483 1982 567 2040 etiam
594 1981 739 2056 cogitare?
770 1983 821 2042 32.
850 1985 926 2053 Quid
953 1983 1046 2042 illuct
1075 2003 1143 2045 num

104 2087 231 2161 dubitas,
260 2087 329 2161 quin
350 2089 493 2161 specimen
513 2096 626 2148 naturae
647 2091 709 2163 capi
736 2092 887 2148 doceatex
909 2091 1011 2163 optima
1032 2109 1143 2165 quaque

104 2190 226 2253 natura?
258 2196 336 2264 Quae
363 2203 406 2253 est
436 2196 537 2254 melior
563 2198 649 2269 igitur
681 2199 711 2255 in
738 2198 883 2254 hominum
911 2215 1015 2269 genere
1046 2207 1143 2257 natura

104 2319 191 2376 quam
216 2319 329 2376 corum,
362 2303 411 2376 qui
438 2321 469 2361 se
496 2311 575 2363 natos
604 2305 639 2362 ad
667 2304 794 2362 homiues
822 2306 974 2378 iucundos,
1002 2305 1142 2378 tutandos,

104 2411 311 2467 conseruandos
338 2408 526 2468 arbitrantur?
557 2411 634 2468 Abiit
659 2413 695 2468 ad
716 2413 784 2469 deos
812 2413 970 2469 Hercules:
1001 2427 1143 2484 nunquam

104 2516 224 2591 musei,
245 2517 317 2592 nisi,
340 2534 427 2591 quum
447 2518 519 2575 iuter
539 2517 666 2576 homiues
689 2525 772 2592 essct,
795 2536 857 2575 eam
878 2519 933 2575 sibi
954 2519 1028 2575 mam
1049 2517 1142 2575 muni·

103 2622 200 2680 auisset

188 2730 253 2788 XV.
285 2730 386 2788 Uetera
416 2730 472 2787 iam
503 2729 555 2787 ista
588 2736 615 2787 et
646 2729 783 2801 religione
816 2729 940 2787 omnium
972 2735 1141 2788 consecrata.

103 2836 179 2905 Quid
194 2836 224 2894 in
241 2836 293 2893 hac
308 2854 339 2894 re
355 2837 468 2910 publica
488 2844 528 2896 tot
546 2844 690 2911 tantosque
711 2838 788 2895 uiros
805 2839 841 2895 ob
859 2855 918 2894 rem
936 2838 1075 2910 publicam
1095 2837 1142 2895 in-

103 2943 232 3001 terfectos
249 2943 384 3015 cogitasse
400 2942 592 3002 arbitramur?
606 2945 745 3002 lisdemnc
762 2952 793 3002 ut
808 2945 910 3002 tinibus
928 2963 1030 3002 nomen
1048 2962 1142 3020 suum,

103 3049 207 3123 quibas
226 3050 293 3125 uita,
315 3048 532 3109 terminaretur?
564 3069 646 3109 nemo
669 3070 792 3126 uuquam
813 3053 874 3109 sine
895 3070 994 3124 magna
1016 3069 1066 3125 spc
1087 3052 1143 3111 im-

102 3156 276 3215 mortalitatis
297 3173 329 3215 so
349 3175 402 3230 pro
422 3159 511 3230 patria
532 3158 644 3217 offerret
664 3160 699 3217 ad
719 3167 847 3217 mortem.
895 3157 945 3217 33.
968 3159 1059 3216 Licuit
1079 3175 1143 3217 osso
1249 3153 1253 3167 '

104 3261 194 3321 diosc
217 3262 413 3340 Themistocli,
436 3265 513 3322 lictrit
532 3265 758 3339 Epaminondae,
781 3265 871 3338 licuit,
894 3283 930 3324 uc
952 3272 979 3325 ct
999 3273 1093 3324 uetera
1114 3270 1143 3325 ct

102 3375 216 3427 externa
243 3378 390 3446 quaerant,
417 3372 504 3446 mihl3
537 3373 602 3443 sed,
636 3374 732 3431 nescio
766 3373 923 3447 quomodo,
957 3372 1081 3429 inhaeret
1111 3370 1142 3429 iu

102 3476 240 3535 mentibus
262 3479 342 3551 qnasi
363 3480 520 3537 saeclorum
538 3480 679 3552 quoddam
700 3480 848 3552 augurium
869 3479 1033 3549 statutorum,
1055 3476 1141 3549 idque

102 3582 133 3641 in
152 3584 280 3643 maximis
307 3585 428 3657 ingeniis
455 3585 651 3660 altissimisque
680 3587 778 3644 animis
805 3591 834 3642 et
859 3584 951 3643 existit
972 3584 1091 3641 maxime
1113 3588 1142 3641 el

29 3716 35 3723 ·
103 3698 217 3764 apparet
238 3692 378 3750 facillime.
423 3694 485 3762 Quo
508 3692 621 3766 quidem
643 3693 753 3766 dempto
777 3690 840 3765 quis
861 3697 916 3746 tam
938 3695 1139 3766 asseramus,

168 3892 245 3956 haec)
261 3894 309 3943 lroc
319 3892 350 3942 Ο.
376 3893 418 3943 til.
435 3894 561 3945 maximae
579 3895 698 3958 quidem)
715 3906 834 3946 maxume
853 3893 918 3955 cn.
953 3894 1023 3944 alteri
1043 3889 1140 3959 saeclo)

101 3988 123 4026 a.
141 3978 229 4028 seculo
246 3976 279 4026 Ο.
315 3984 344 4028 ιιι
360 3979 396 4027 uit
416 3979 441 4028 ln
463 3979 507 4041 S.)
524 3986 553 4028 ut
578 3981 614 4030 ait
631 3979 713 4029 illein
733 3980 759 4030 S.
779 3978 810 4027 0.
846 3991 896 4028 non
914 3984 998 4029 seret)
1025 3982 1142 4029 conseret

101 4060 134 4111 lt.
152 4060 421 4127 [nronontentuDatne
437 4064 513 4112 occu
528 4063 585 4114 llo.
621 4063 715 4124 elogia)
733 4063 795 4125 quid
814 4062 896 4124 elogia
914 4063 946 4113 Ο.
979 4062 1021 4113 88.
1038 4062 1141 4113 saeclo-

100 4154 170 4211 mm)
188 4148 335 4198 seculorum
355 4146 388 4198 0.
424 4147 483 4210 Quo
501 4148 617 4211 quidam)
634 4148 703 4209 quod
720 4149 825 4212 quidem
845 4148 878 4201 ll.
