2610 4634
491 261 570 310 eru.
591 248 627 306 V.
669 263 753 309 cnr.
774 246 826 312 37.
1116 245 1178 312 187

140 448 354 525 pecuniaquid
378 448 561 524 relinquitur,
589 449 666 524 quod
692 449 927 510 extimescendum
959 445 1017 510 siti
1042 447 1179 527 Exilium,

141 560 242 631 credo,
264 558 341 631 quod
362 557 390 615 in
413 555 539 614 maximis
561 557 642 615 malis
664 557 781 615 ducitur.
824 559 856 615 ld
879 557 904 616 si
925 562 1039 631 propter
1059 557 1179 615 alienam

140 670 169 720 et
189 664 323 722 eliensem
344 663 443 737 populi
469 666 639 720 uoluntatem
664 666 769 722 malum
796 669 854 738 est,
881 679 966 737 quam
993 665 1029 721 sit
1055 681 1088 721 ea
1109 680 1178 721 con-

141 770 299 842 temnenda,
320 770 415 842 paullo
436 774 499 827 ante
520 769 625 828 dictum
646 775 697 827 est
742 769 794 828 Sin
814 771 914 827 abesse
935 770 1024 844 patria
1044 770 1180 828 miserum

140 881 198 948 est,
227 878 327 948 plenae
354 876 521 952 miserorum
547 875 708 948 prouinciae
729 882 809 949 sunt,
844 893 878 933 ex
904 876 1008 950 quibus
1028 877 1181 935 admodum

139 982 220 1055 pauci
252 982 282 1038 in
314 982 431 1054 patriam
463 988 650 1040 reuertuntur.
704 983 742 1039 At
773 983 924 1039 multantur
956 982 1039 1040 bonis
1070 982 1178 1040 exules.

141 1086 212 1146 107.
240 1087 314 1156 Quid
340 1086 421 1145 tum?
453 1105 588 1160 parumne
616 1090 703 1146 multa
724 1089 760 1146 de
788 1089 931 1146 toleranda
952 1095 1112 1162 paupertate
1133 1087 1180 1145 di·

139 1190 261 1249 suntur?
281 1195 339 1251 lam
361 1210 430 1250 uero
448 1194 573 1269 exilium,
597 1195 622 1252 si
643 1211 737 1251 rernm
758 1201 895 1267 naturam,
918 1211 975 1252 non
997 1193 1179 1266 ignominiam

138 1300 260 1356 nominis
284 1299 454 1373 quaerimus,
476 1307 609 1374 quantum
631 1301 744 1357 demum
765 1318 781 1358 a
801 1307 935 1374 perpetua
956 1301 1179 1374 peregrinatione

138 1396 245 1479 diliert,
279 1410 309 1463 in
330 1422 385 1478 qua
406 1411 508 1464 aetates
530 1423 594 1464 suas
616 1406 777 1479 philosophi
798 1405 966 1464 nobilissimi
995 1422 1178 1479 consumpse·

138 1519 212 1584 runt,
233 1513 416 1585 Xenocrates,
439 1512 565 1586 Crantor,
585 1512 735 1584 Arcesilas,
754 1514 885 1586 Lacydes,
896 1513 1070 1585 Aristoteles,
1083 1513 1178 1569 Theo·

138 1618 283 1690 phrastus,
305 1621 397 1692 Zeno,
427 1619 591 1694 Cleanthes,
614 1618 804 1693 Chrysippus,
826 1621 985 1693 Antipater,
1010 1619 1178 1692 Carneades,

137 1724 296 1795 Panaetius,
319 1724 517 1798 Clitomachus,
539 1726 633 1798 Philo,
662 1725 827 1799 Antiochus,
849 1725 1028 1799 Posidonius,
1050 1724 1177 1782 innume·

138 1829 241 1886 rabiles
268 1830 331 1903 alii,
359 1830 408 1904 qui
436 1832 523 1888 semel
551 1831 657 1903 egressi
684 1849 825 1905 nunquam
853 1833 967 1889 domum
994 1834 1178 1908 reuerterunt.

136 1936 174 1991 At
201 1935 275 1992 enim
303 1935 364 1992 sine
391 1936 545 2007 ignominia
573 1930 620 1977 *i*
648 1938 760 1995 allicere
788 1939 957 2013 sapientem3
990 1939 1026 1995 de
1054 1937 1178 2009 sapiente

137 2042 211 2099 enim
233 2044 303 2100 baec
321 2043 411 2100 omnis
434 2043 521 2102 oratio
544 2051 603 2119 est,
634 2045 679 2102 cui
706 2047 767 2103 inre
788 2044 818 2102 id
844 2045 970 2102 accidere
992 2062 1048 2101 nou
1070 2041 1176 2115 possit3

137 2165 201 2204 nam
223 2147 284 2205 iure
305 2151 462 2208 exulantem
483 2151 621 2208 consolari
642 2169 700 2208 non
722 2155 840 2224 oportet.
884 2147 956 2208 108.
976 2152 1120 2213 Postremo
1142 2148 1178 2204 ad

136 2271 233 2311 omnes
254 2270 334 2312 casus
355 2255 487 2337 lacillima
508 2257 577 2314 ratio
600 2262 643 2313 est
669 2273 783 2329 eorum,
816 2255 865 2328 qui
892 2255 928 2310 ad
954 2254 1123 2327 uoluptatem
1145 2269 1178 2310 ea

136 2360 269 2434 relemnt,
291 2378 362 2433 quae
383 2367 537 2435 sequuntur
557 2361 587 2418 in
608 2363 675 2438 uita,
697 2369 737 2437 ut,
759 2377 926 2436 quocunqne
947 2360 1016 2416 haec
1034 2359 1097 2416 loco
1109 2374 1178 2430 sup·

136 2467 255 2540 peditet,
283 2467 323 2525 ibi
351 2468 431 2524 beate
460 2473 562 2540 queant
583 2470 690 2527 uiuere
733 2471 830 2542 ltaque
852 2468 887 2524 ad
908 2483 1020 2525 omnem
1041 2464 1178 2522 rationem

136 2573 237 2630 Teucri
258 2590 315 2630 nox
336 2574 540 2631 accommodari
562 2580 668 2648 potest:

218 2679 322 2736 Patrio
342 2685 392 2752 cst,
413 2681 569 2753 opimaque
590 2687 631 2738 eat
652 2683 725 2738 ten.

136 2785 264 2840 Socrates
296 2783 410 2857 quidem
441 2802 528 2859 quum
559 2793 721 2861 rogaretur,
754 2784 873 2843 cuiatem
904 2801 935 2842 se
967 2801 1030 2842 esse
1062 2782 1176 2856 diceret,

134 2889 322 2960 Mundanum,
349 2890 456 2964 inquit3
489 2892 574 2949 totius
601 2890 675 2948 enim
700 2891 797 2948 mundi
826 2908 857 2948 se
885 2889 1006 2947 incolam
1035 2894 1062 2946 et
1086 2889 1177 2945 ciuem

134 2995 326 3053 arbitrabatur.
380 2981 455 3067 Qiid
486 2999 520 3055 Τ.
552 2994 716 3056 Albucius?
756 3014 847 3054 nonne
882 2996 976 3054 animo
1008 2993 1177 3069 aequissimo

133 3102 249 3159 Athenis
271 3103 336 3158 exul
358 3100 630 3176 philosophabatur?
662 3102 708 3160 cui
730 3109 820 3161 tamen
843 3103 913 3161 illud
934 3102 1027 3175 ipsum
1049 3119 1105 3159 non
1127 3118 1175 3158 ac·

133 3206 262 3280 cidisset,
286 3206 360 3264 siin
387 3211 551 3282 republica
576 3209 730 3283 quiescens⁴
751 3208 865 3281 Epicuri
895 3209 1005 3280 legibus
1028 3206 1176 3280 paruisset.

135 3309 208 3368 109.
219 3311 274 3381 Qui
296 3311 371 3370 eninr
392 3311 660 3389 beatiorEpicmus,
678 3316 755 3387 quod
777 3314 805 3370 iu
827 3313 914 3387 patria
935 3313 1058 3387 uiuebat,
1081 3327 1176 3385 quam,

133 3417 210 3488 quod
230 3417 358 3491 Athenis,
380 3417 581 3478 Metrodorus?
602 3427 649 3478 ant
670 3421 750 3477 Plato
771 3419 957 3476 Xenocratem
978 3417 1109 3474 uincebat
1130 3422 1178 3472 ant

133 3522 250 3579 Polemo
271 3524 442 3598 Arcesilam,
464 3542 522 3602 quo
542 3532 618 3584 esset
637 3523 767 3584 beatior?
789 3524 890 3594 Quanti
913 3540 981 3580 uero
1004 3523 1056 3579 ista
1078 3521 1177 3580 ciuitas

201 3739 464 3808 mommoriacensi)
481 3745 633 3795 contesicnt
649 3757 665 3796 a
681 3744 735 3795 ΒΡ.
774 3743 830 3795 107.
841 3744 945 3793 demum
962 3739 992 3805 a)
1009 3741 1102 3790 damna
1117 3738 1170 3789 llP.

133 3824 285 3886 Arcesilas)
300 3824 406 3874 Arches.
421 3825 452 3875 lt.
478 3827 608 3889 Lacydes)
623 3828 730 3878 Larides
745 3828 798 3879 ΒΡ.
823 3826 970 3882 Panaetius,
985 3821 1172 3886 Clitomachus)

130 3905 337 3960 interimentia.
351 3907 384 3958 ll.
410 3909 580 3975 Posidonius)
590 3913 734 3967 Possidll.
757 3910 896 3974 ignominia
912 3905 957 3972 aa)
974 3907 1030 3956 riae
1046 3911 1110 3955 nota
1130 3906 1174 3956 ln·

131 4003 213 4040 ennae
222 3992 275 4042 llP.
298 3988 425 4056 accidere)
433 3993 549 4055 accipere
558 3994 600 4055 R..
616 3996 736 4046 sedeone
750 3996 780 4044 r'n
795 3993 919 4044 accidere.
944 3990 1003 4042 108.
1017 3987 1171 4054 sequanus)

131 4075 291 4124 secunturll.
321 4074 477 4163 suppeditet)
488 4077 634 4140 suppeditet
645 4079 677 4128 lt.
700 4079 875 4141 suppeditetur
892 4075 980 4132 iiim.
997 4078 1057 4144 aut)
1073 4083 1101 4130 ut
1120 4078 1175 4131 BP.
