2610 4634
470 297 547 343 nra.
571 285 605 342 v.
649 298 730 344 car.
753 283 846 344 2-3.
1123 286 1183 348 151

136 506 249 548 morum
271 495 298 545 et
319 488 483 560 disciplinae
507 487 593 545 luisti.
647 487 692 544 Ad
724 494 750 542 tc
777 487 969 560 confugimus,
1000 506 1016 544 a
1046 494 1072 545 te
1100 505 1182 561 opem

136 596 275 671 petimus,
302 595 353 651 tibi
382 611 433 650 uos
456 599 488 650 ut
508 600 588 650 antea
610 611 708 665 magna
732 600 883 667 exparte,
913 593 954 652 sic
974 613 1048 652 nuuc
1070 596 1192 677 penitus,
1233 568 1237 577 ¹

136 711 268 776 totosque
290 680 433 758 tradimus.
465 702 517 757 Est
538 707 630 757 autem
652 718 723 757 uuus
746 702 805 757 dies
828 701 900 758 bene
922 709 949 758 ct
970 719 1004 759 ex
1027 705 1181 776 praeceptis

137 811 193 868 tuis
215 816 292 866 actus
322 807 446 880 peccanti
475 807 673 864 immortalitati
703 809 921 879 anteponendus.
976 809 1062 866 Cuius
1094 809 1181 880 igitur

137 917 231 992 potius
254 916 357 988 opibus
379 921 490 971 utamur
511 931 594 986 quam
621 915 687 984 tuis,
716 932 787 988 quae
810 920 837 970 et
859 916 932 972 uitae
953 917 1180 989 tranquillitatem

136 1023 237 1096 largita
258 1022 340 1080 nobis
364 1038 394 1078 es
416 1028 444 1078 et
465 1028 600 1077 terrorem
621 1021 718 1078 mortis
748 1022 893 1080 sustulisti.
937 1021 968 1082 6.
989 1024 1030 1079 Ac
1053 1023 1177 1095 pbiloso-

135 1130 204 1204 phia
225 1130 340 1202 quidem
361 1135 466 1184 tantum
496 1129 589 1200 abest,
619 1135 650 1184 ut
677 1126 814 1200 prolude,
843 1146 875 1185 ae
902 1130 936 1185 de
966 1129 1108 1186 hominum
1138 1137 1180 1186 cst

135 1237 195 1296 uita
217 1236 331 1306 merila,
360 1236 503 1308 laudetur,
532 1240 562 1291 ut
589 1252 605 1291 a
633 1235 774 1307 plerisque
797 1237 921 1307 neglecta
943 1255 958 1292 a
980 1237 1074 1293 multis
1097 1236 1179 1292 etiam

136 1345 321 1415 uituperetur·.
371 1325 537 1413 Uituperare
560 1341 709 1413 quisquam
730 1343 804 1398 uitae
825 1349 968 1414 parentem
991 1349 1018 1398 et
1040 1344 1093 1399 hoe
1114 1360 1178 1414 par·

137 1450 238 1508 ricidio
261 1467 291 1506 se
312 1436 458 1521 inquinare
480 1449 563 1505 audet
585 1454 612 1504 et
633 1448 688 1504 mm
709 1448 795 1520 impie
817 1448 943 1520 ingratus
966 1467 1038 1522 esse,
1060 1455 1091 1506 ut
1117 1467 1179 1506 cam

137 1563 265 1628 accuset,
295 1532 379 1630 quam
400 1555 493 1612 uereri
521 1556 653 1627 deberet,
683 1555 766 1612 etiam
793 1556 817 1612 si
845 1556 937 1612 mirans
960 1555 1103 1628 percipere
1126 1573 1177 1628 po-

100 1678 104 1690 ·
137 1661 257 1722 tuisset?
290 1664 363 1736 Sed,
387 1669 417 1719 ut
439 1661 555 1735 opinor,
578 1661 623 1718 hic
645 1679 724 1718 error
745 1668 772 1717 et
794 1662 861 1718 haee
883 1662 1057 1720 indoctorum
1078 1662 1178 1719 animis

137 1757 229 1828 offusa
251 1773 342 1841 caligo
364 1777 416 1842 est,
439 1771 514 1842 quod
536 1777 592 1826 tam
613 1771 698 1840 longe
721 1776 795 1825 retro
823 1770 961 1840 respicere
983 1786 1039 1825 non
1060 1776 1179 1842 possunt

137 1895 191 1936 uec
212 1894 279 1951 eos,
306 1876 447 1948 aquibus
469 1876 525 1935 uita
557 1876 701 1934 hominum
729 1877 859 1933 instructa
881 1876 978 1948 primis
1006 1877 1056 1953 sit,
1091 1876 1177 1933 luisse

93 1959 99 1967 ’
136 1984 322 2059 philosophos
343 1984 519 2040 arbitrantur.

221 2092 274 2148 111.
298 2091 327 2149 7.
349 2091 441 2159 Quam
463 2107 523 2146 rem
544 2090 766 2163 antiquissimam
788 2108 874 2163 quum
895 2091 1050 2164 uideamus,
1074 2107 1177 2146 nomen

136 2204 231 2256 tamen
253 2215 315 2254 esse
338 2198 503 2254 confitemur
524 2214 632 2254 recens.
675 2199 747 2254 Nam
769 2197 932 2268 sapientiam
953 2197 1066 2271 quidem
1088 2195 1177 2268 ipsam

135 2306 201 2379 quis
224 2322 326 2377 negare
348 2310 438 2377 potest
460 2322 516 2360 nou
538 2305 622 2361 modo
644 2320 675 2359 re
697 2320 760 2360 esse
787 2303 944 2377 antiquam,
973 2320 1071 2360 uerum
1094 2302 1177 2358 etiam

135 2409 273 2470 nomine?
299 2429 369 2485 quae
391 2410 549 2468 diuinarum
570 2412 809 2484 humanarumque
831 2428 935 2481 rerum,
958 2417 1016 2467 tum
1035 2409 1177 2467 initiorum

135 2536 339 2593 causarumque
360 2519 496 2592 cuiusque
518 2520 559 2576 rei
584 2518 743 2590 cognitione
765 2518 818 2574 hoc
840 2517 1058 2589 pulcherrimum
1074 2534 1175 2575 nomen

135 2627 212 2700 apud
232 2626 361 2700 antiquos
390 2627 599 2699 assequebatur.
653 2626 749 2697 ltaque
777 2630 805 2682 ct
831 2624 895 2680 illos
924 2629 1048 2697 septem,
1082 2624 1130 2697 qui
1159 2642 1175 2681 a

135 2732 251 2791 Graecis
273 2714 377 2810 coqui,
413 2733 552 2805 sapientes
580 2751 595 2789 a
624 2732 727 2789 nostris
755 2738 783 2788 et
808 2732 980 2788 habebantur
1001 2736 1028 2786 et
1049 2730 1175 2788 uomina·

133 2842 253 2914 bantur,
286 2846 313 2897 et
342 2839 437 2898 multis
459 2846 521 2897 aute
544 2839 661 2895 saeculis
689 2839 864 2912 Lycurgum,
894 2837 973 2894 cuius
1002 2837 1173 2909 temporibus

134 2948 278 3005 Homerus
301 2947 382 3004 etiam
405 2948 492 3004 luisse
514 2955 576 3004 ante
598 2947 670 3004 hano
695 2946 793 3002 urbem
822 2944 959 3001 conditam
987 2925 1119 3019 traditur,
1148 2954 1176 3003 ct

134 3055 191 3112 iam
213 3054 334 3112 heroicis
356 3055 490 3111 aetatibus
513 3055 623 3112 Ulixem
646 3060 673 3109 et
692 3055 839 3110 Nestorem
861 3054 1068 3124 accepimus,et
1088 3053 1174 3110 luisse

132 3168 162 3220 et
183 3161 292 3220 habitos
315 3179 377 3218 esse
399 3160 548 3233 sapientes.
582 3159 612 3220 8.
631 3162 690 3217 Nec
708 3177 777 3216 uero
789 3162 884 3216 Atlans
905 3160 1042 3216 sustinere
1065 3161 1174 3216 eoelum

109 3261 188 3325 'uec
222 3271 405 3345 Prometheus
436 3269 536 3325 affixus
565 3268 689 3324 Caucaso
722 3284 773 3322 nec
802 3268 933 3322 stellatus,
955 3241 1083 3337 Cepheus
1111 3282 1174 3321 cum

132 3392 232 3449 uxore,
255 3393 375 3449 genero,
398 3377 454 3432 lilia
477 3375 651 3446 traderetur,
675 3374 729 3430 nisi
752 3374 914 3430 coelestium
936 3372 1030 3451 diuina
1043 3369 1173 3443 cognitio

131 3499 236 3567 nomeu
258 3500 356 3541 eorum
378 3485 413 3540 ad
435 3499 559 3540 errorem
582 3481 693 3537 fabulae
717 3480 904 3535 traduxisset.¹
930 3478 1076 3564 Aquinus
1098 3477 1174 3534 ducti

131 3589 268 3662 deinceps
290 3609 397 3666 omnes,
421 3589 469 3663 qui
490 3589 519 3645 iu
542 3605 636 3644 rerum
658 3587 889 3660 contemplatione
912 3585 1001 3642 studia
1022 3584 1172 3660 ponebant,

200 3868 333 3936 peccanti)
360 3872 482 3934 peccandi
499 3872 530 3922 R.
565 3871 589 3920 6.
616 3868 672 3936 Ac)
695 3870 729 3921 At
753 3869 784 3918 0.
819 3865 943 3932 quidem)
961 3881 1038 3929 quem
1056 3867 1087 3917 P.
1122 3880 1172 3918 ue-

130 3953 224 4021 gleeta)
239 3968 287 4006 neo
308 3956 436 4006 leetaRl’.
471 3957 496 4006 t.
515 3956 654 4020 cuiusque)
674 3956 747 4005 culus
765 3954 818 4004 ΒΡ.
862 3932 967 4018 σοφοί)
984 3954 1058 4016 sophi
1068 3953 1098 4004 P.
1123 3950 1171 4003 ba-

129 4038 478 4106 behantur)habeanturllP.
513 4041 667 4104 Lycurgum)
686 4041 830 4100 Lygurguru
847 4038 900 4088 ΒΡ.
933 4045 958 4088 et
975 4038 1127 4104 iam)ctiam
1138 4037 1169 4088 Ο.

128 4127 152 4176 8·
174 4124 281 4190 Atlans)
297 4125 409 4192 Atlasl)
455 4123 580 4191 Caucaso)
600 4126 683 4177 causo
692 4124 721 4175 P.
758 4121 920 4190 traduxisset)
936 4125 1105 4175 traduxissent
1114 4123 1168 4172 BP.
