2610 4634
398 304 476 352 nra.
498 293 521 351 1.
563 307 648 355 car.
670 288 808 354 tiu-bd
1039 375 1042 379 Ι
1079 289 1121 354 31

88 503 182 559 antem
201 512 316 555 usuram
336 497 420 556 nobis
440 497 596 571 largiuntur
615 503 746 572 tanquam
766 493 943 571 cornicibus3
970 495 1020 555 diu
1047 512 1126 556 man·

81 622 170 665 ¹surtrs
192 604 269 662 aiunt
289 605 408 679 animos,
431 621 543 678 semper
563 611 674 676 negant

173 712 297 769 XXXII.
319 715 393 771 Num
414 730 471 770 non
492 714 537 770 uis
558 712 643 784 igitur
663 712 770 787 audire,
792 729 852 786 cur,
874 709 956 768 etiam
977 710 1001 768 si
1022 711 1059 770 ita
1081 710 1127 786 sit,

87 836 166 878 mors
187 825 278 877 tamen
301 837 358 877 nou
379 818 415 877 sit
435 822 464 877 in
486 817 595 877 malis?
627 821 662 876 ll.
688 820 724 878 Ut
744 820 872 894 uidetur3
901 818 951 874 sed
978 835 1023 875 me
1043 836 1128 877 nemo

87 928 125 985 de
146 925 350 986 immortalitate
371 928 500 1002 depellet
544 884 653 1017 will.
664 927 759 984 Laudo
781 927 811 984 id
832 926 964 1001 quidem3
986 925 1037 983 etsi
1058 926 1129 985 nibil

87 1033 173 1092 nimis
201 1041 312 1107 oportet
337 1035 486 1092 oontidere.
533 1036 684 1093 Mouemur
704 1035 785 1091 enim
814 1050 898 1107 saepe
925 1033 1021 1109 aliquo
1049 1040 1129 1091 aoute

89 1143 241 1217 concluso,
262 1143 389 1199 labamus
411 1148 603 1216 mutamusque
626 1142 789 1200 seutentiam
810 1142 975 1203 clarioribus
997 1146 1079 1203 etiam
1100 1145 1130 1203 in

90 1251 193 1325 rebus3
220 1248 249 1307 in
270 1249 314 1307 bis
336 1256 379 1307 est
398 1250 474 1306 enim
496 1249 588 1323 aliqua
609 1249 772 1307 obscuritas.
814 1250 848 1306 ld
870 1250 954 1322 igitur
975 1253 999 1310 si
1021 1252 1131 1335 accide7

90 1356 138 1432 rit,
154 1357 242 1415 simus
259 1357 365 1416 armati.
397 1359 431 1414 Α.
444 1358 517 1415 Saue
534 1357 664 1432 quidem3
686 1358 747 1431 sed,
769 1374 805 1413 ne
827 1357 941 1432 accidat,
963 1360 1130 1432 prouidebo.

91 1464 135 1523 Μ.
155 1464 231 1540 Num
251 1465 320 1539 quid
341 1465 426 1538 igitur
454 1471 496 1522 est
522 1470 636 1538 tausae,
664 1463 733 1538 quin
760 1464 864 1521 amieos
886 1473 996 1524 nostros
1020 1466 1131 1525 Stoicos

93 1569 286 1629 dimittamus?
308 1589 357 1630 eos
380 1573 455 1647 diem
477 1571 526 1647 qui
549 1571 625 1628 aiunt
645 1572 752 1629 animos
774 1590 896 1647 manere,
920 1590 1007 1648 quum
1029 1591 1045 1630 e
1066 1590 1130 1632 cor·

92 1694 163 1752 pore
184 1665 371 1755 excesserint,
399 1680 449 1737 sed
470 1696 527 1736 non
549 1695 668 1752 semper.
710 1680 744 1736 l.
766 1681 838 1737 lstos
860 1697 945 1754 uero,
967 1678 1032 1755 qui,
1055 1679 1133 1755 quod

93 1791 150 1844 tota
170 1787 200 1843 in
221 1787 273 1844 bao
300 1778 383 1852 ca'usa
410 1787 605 1844 difficillimum
627 1792 685 1860 est,
714 1787 882 1861 suscipiant,
904 1803 988 1860 posse
1008 1787 1145 1873 animum·

94 1909 208 1951 manere
228 1911 346 1968 corpore
368 1902 527 1967 uaeautem3
549 1894 619 1951 illud
641 1900 743 1969 autem,
767 1895 843 1970 quod
864 1913 922 1952 nou
944 1895 1028 1951 modo
1050 1893 1143 1952 facile-

95 2001 131 2059 ad
151 1986 321 2089 credundum
343 2007 401 2076 est,
423 2001 474 2058 sed
495 2019 529 2058 eo
550 2018 694 2076 concesso,
717 2002 793 2076 quod
815 2004 923 2077 uolunt,
945 2018 1132 2077 consequens,

95 2107 125 2166 id
145 2127 204 2166 uon
224 2102 387 2183 concedant,
410 2114 449 2183 ut,
472 2126 559 2182 quum
580 2110 630 2166 diu
651 2109 844 2183 permanserit,
866 2127 902 2166 ne
923 2109 1047 2166 intereat
1091 2109 1132 2168 ll.

95 2215 174 2274 Bene
195 2212 392 2290 reprehendis,
420 2222 448 2272 et
469 2233 499 2273 se
521 2216 574 2272 isto
597 2218 681 2274 modo
704 2234 749 2275 res
770 2217 863 2275 habet.
897 2214 955 2276 29.
979 2217 1132 2276 Credamus
1224 2192 1256 2297 ἦ,

96 2319 183 2395 igitur
193 2322 324 2380 Panaetio
340 2324 482 2380 al'latone
504 2339 556 2380 suo
578 2321 773 2382 dissentienti?
796 2325 885 2395 Quem
908 2325 982 2381 enim
1004 2325 1135 2383 omuibus

98 2430 168 2487 loeis
189 2428 326 2504 diuinum,
349 2448 434 2506 quem
455 2429 700 2504 sapientissimum,
717 2447 801 2504 quem
816 2430 1030 2505 sanctissimum,
1050 2449 1136 2505 quem

96 2510 252 2595 Homerum
272 2538 505 2611 pbilosophorum
526 2539 655 2611 appellat,
668 2537 750 2595 buius
771 2538 842 2594 bano
864 2555 947 2595 unam
968 2538 1132 2596 sententiam

98 2644 135 2702 de
155 2643 358 2725 immortalitate
380 2645 535 2702 animorum
555 2654 612 2702 ndu
634 2645 742 2719 probat.
775 2646 841 2702 Uult
857 2645 941 2719 enim,
958 2645 1034 2718 quod
1053 2660 1136 2702 nemo
1163 2628 1166 2635 ¹

98 2735 192 2825 negat,
214 2751 348 2826 qrricquid
370 2758 464 2809 natum
486 2754 532 2828 sit,
555 2753 684 2827 interire,
707 2752 783 2810 nasci
804 2758 897 2810 antem
917 2752 1035 2826 animos,
1059 2752 1136 2826 quod

100 2859 223 2916 declaret
244 2876 341 2916 eorum
363 2859 531 2934 similitudo,
554 2848 821 2936 qui'prooreentur,
844 2877 916 2934 quae
938 2860 1020 2917 etiam
1041 2859 1069 2916 in
1091 2860 1136 2918 in-

99 2964 203 3040 geniis,
225 2983 281 3023 non
303 2957 395 3025 solium
417 2966 446 3024 in
467 2967 632 3041 corporibus
654 2973 792 3041 appareat
835 2968 959 3024 Alteram
980 2974 1072 3025 autem
1093 2966 1136 3026 al'·

100 3073 156 3130 fert
176 3072 326 3149 rationem,
356 3074 426 3132 nibil
448 3091 527 3149 esse,
556 3076 632 3149 quod
654 3075 755 3149 doleat,
785 3074 853 3149 quin
881 3074 910 3132 id
939 3092 1054 3148 aegrum
1074 3092 1138 3134 esse

101 3196 215 3255 quoque
235 3181 341 3259 possit3
363 3182 439 3255 quod
461 3187 553 3249 autem
574 3181 604 3239 iu
626 3183 755 3239 morbum
776 3183 864 3256 cadat,
886 3182 916 3239 id
937 3181 1020 3240 etiam
1041 3182 1137 3241 iuteri-

99 3293 212 3362 turum3
241 3288 339 3345 dolere
365 3295 457 3346 autem
486 3289 609 3361 animos3
639 3306 707 3361 ergo
729 3288 810 3347 etiam
832 3274 985 3378 interire]
999 3290 1137 3348 xxxlu.

99 3392 153 3455 80.
175 3396 254 3453 Haeo
273 3395 366 3453 refelli
387 3403 514 3470 possunt.
551 3399 622 3454 Sunt
643 3396 719 3453 enim
739 3395 902 3471 ignorantis,
925 3413 1012 3471 quum
1033 3397 1068 3453 de
1090 3414 1138 3455 ae·
1241 3416 1245 3420 ·

100 3504 229 3562 temitate
251 3503 406 3561 animorum
427 3504 550 3577 dicatur,
573 3504 721 3561 demente
743 3503 814 3578 diei,
836 3520 908 3577 quae
929 3501 1005 3561 omni
1026 3488 1141 3562 turbido

100 3616 182 3671 motu
201 3628 315 3686 semper
334 3616 424 3687 uacet,
446 3627 515 3668 non·
526 3611 562 3669 de
580 3611 703 3685 partibus
720 3609 765 3685 iis,
777 3610 806 3667 iu
824 3610 924 3686 quibus
940 3598 1139 3688 aepiritudines,

171 3898 241 3951 Num
258 3913 309 3951 non
326 3899 383 3966 uis)
399 3914 496 3952 numne
513 3899 597 3951 niso.
623 3901 658 3951 itu
675 3896 721 3968 sit)
739 3900 788 3951 lstn
805 3899 840 3950 sit
856 3899 886 3951 R.
912 3900 955 3954 78.
973 3898 1063 3968 nimis)
1080 3903 1140 3954 eni-

100 3983 198 4036 misll.
223 3986 308 4035 simus
316 3985 422 4052 armati)
438 3988 557 4037 siminus
575 3984 639 4036 a-R.
673 4000 752 4048 quum
771 3999 786 4036 e
803 3986 921 4050 corpore)
940 4000 955 4037 e
972 4001 1040 4050 corp.
1058 4000 1139 4050 onum

102 4066 139 4125 0.
172 4068 200 4121 ld
221 4082 273 4121 non
295 4072 449 4136 concedent)
474 4073 570 4131 ideireo
591 4084 644 4122 non
670 4071 731 4121 dont
753 4070 785 4122 R.
821 4072 847 4122 td
870 4077 937 4125 oerte
956 4085 1011 4124 uon
1029 4073 1091 4124 dant
1107 4069 1140 4123 0.

10 4138 14 4149 ’
100 4152 147 4205 w.
164 4154 235 4219 quod
250 4152 524 4223 doleet)oumd.1l.
559 4155 601 4207 80.
619 4155 732 4223 dloatm)
749 4156 865 4209 dieantur
881 4157 914 4208 ll.
