2610 4634
420 284 492 328 uro.
517 272 537 326 t.
559 283 664 328 ,uam
694 268 738 328 ta.
1076 269 1116 331 tt)

75 475 170 549 potius
192 480 318 548 paratum
340 473 422 530 uobis
443 479 470 530 et
490 473 650 546 perfugium
672 480 808 545 putemus.
844 471 914 532 119.
926 442 989 543 Quo
1011 478 1114 534 utinam

74 583 148 640 uelis
170 581 259 655 passis
281 579 396 654 poruehi
419 580 513 637 liceatt
538 580 588 636 Sin
610 578 769 636 reflantibus
791 579 881 635 uentis
903 581 1059 656 reiciemur,
1072 591 1113 640 ta·

74 706 141 747 meu
162 690 260 747 uadem
283 689 377 760 paullo
399 687 502 747 tardius
526 687 679 744 referamur
699 703 814 742 necessa
836 692 886 744 est.
919 689 1001 756 Quod
1023 698 1114 748 autem

75 797 207 855 omuibus
220 812 350 869 ,uacasse
378 800 435 868 est,
465 796 530 850 idue
558 795 691 850 miserum
719 810 780 851 esse
802 794 851 850 uui
872 793 985 868 potest?
1017 798 1113 853 Habes

74 904 230 977 epilogum,
252 920 288 958 uo
310 901 377 975 quid
399 896 624 974 praetermissum
646 906 692 957 aut
713 900 840 956 relictum
861 907 951 972 putas.
994 904 1027 960 Α.
1051 905 1112 976 Ego

74 1029 160 1083 uoro;
188 1009 351 1083 etquidem
380 1008 445 1064 fecit
473 1009 555 1065 etiam
576 1008 628 1064 iste
651 1025 695 1063 me
718 1008 844 1079 epilogus
866 1008 1029 1067 firmiorem.
1072 1014 1111 1070 Μ.

76 1118 206 1191 Optime,
234 1117 356 1189 inquam.
402 1116 458 1172 Sed
480 1131 554 1170 nuno
576 1114 689 1187 quidem
712 1115 862 1171 uutetudiui
885 1114 1038 1173 tribuamus
1060 1119 1111 1174 ali-

74 1225 161 1299 quid3
189 1241 250 1281 oras
278 1230 369 1280 autam
398 1229 426 1279 et
452 1239 523 1295 quos
546 1221 605 1278 dios
628 1222 730 1278 erimus
756 1222 784 1277 in
808 1223 975 1295 Tusculano,
999 1242 1112 1295 agamus

34 1352 47 1371 ·
73 1332 143 1389 haec
165 1336 194 1388 at
215 1349 247 1388 aa
269 1329 454 1403 potissimum,
477 1346 549 1402 quae
570 1329 737 1385 leuationem
759 1329 877 1385 habeant
898 1330 1110 1405 aegritudinum,

73 1437 273 1512 formidinum,
302 1437 495 1510 cupiditatum,
524 1434 573 1509 qui
598 1435 675 1492 omui
703 1452 718 1492 a
745 1435 923 1508 philosophia
944 1443 986 1494 ast
1001 1428 1111 1496 'tructus

71 1545 242 1603 uberrimus.

145 1774 202 1823 119.
226 1775 272 1824 Sin
295 1774 369 1836 rad.)
388 1775 444 1824 sino
466 1776 521 1824 τοῦ.
539 1775 570 1823 a.
609 1781 693 1824 tamma
712 1774 814 1836 eadam)
831 1781 848 1824 t.
866 1776 956 1827 eodem
977 1772 1010 1829 0.
1045 1788 1110 1853 quos

73 1859 143 1922 dios)
162 1865 225 1921 quot
241 1859 298 1909 dios
319 1858 351 1908 0.
381 1859 455 1908 omui
475 1874 489 1909 a
507 1857 585 1924 phil.)
603 1860 673 1908 omui
692 1859 753 1922 pirit.
771 1860 804 1909 R.
