<?xml version="1.0" encoding="UTF-8"?>
<!DOCTYPE html PUBLIC "-//W3C//DTD XHTML 1.0 Transitional//EN"
    "http://www.w3.org/TR/xhtml1/DTD/xhtml1-transitional.dtd">
<html xmlns="http://www.w3.org/1999/xhtml" xml:lang="en" lang="en">
 <head>
  <title>
</title>
<meta http-equiv="Content-Type" content="text/html;charset=utf-8" />
  <meta name='ocr-system' content='tesseract 3.04.00' />
  <meta name='ocr-capabilities' content='ocr_page ocr_carea ocr_par ocr_line ocrx_word'/>
</head>
<body>
  <div class='ocr_page' id='page_1' title='image "./tusculanarumdis00treggoog_0116.png"; bbox 0 0 2610 4634; ppageno 0'>
   <div class='ocr_carea' id='block_1_1' title="bbox 453 281 1178 377">
    <p class='ocr_par' dir='ltr' id='par_1_1' title="bbox 453 281 1178 377">
     <span class='ocr_line' id='line_1_1' title="bbox 453 281 1178 377; baseline 0.003 -36"><span class='ocrx_word' id='word_1_1' title='bbox 453 295 530 366; x_wconf 80' lang='lat' dir='ltr'>uin.</span> <span class='ocrx_word' id='word_1_2' title='bbox 552 283 604 340; x_wconf 82' lang='grc' dir='ltr'>ΙΙΙ.</span> <span class='ocrx_word' id='word_1_3' title='bbox 647 297 729 342; x_wconf 77' lang='lat' dir='ltr'>car.</span> <span class='ocrx_word' id='word_1_4' title='bbox 753 281 844 344; x_wconf 77' lang='grc'><strong>7-8.</strong></span> <span class='ocrx_word' id='word_1_5' title='bbox 1132 286 1178 377; x_wconf 71' lang='lat'>⁸⁵,</span> 
     </span>
    </p>
   </div>
   <div class='ocr_carea' id='block_1_2' title="bbox 77 484 1252 3651">
    <p class='ocr_par' dir='ltr' id='par_1_2' title="bbox 77 484 1252 3651">
     <span class='ocr_line' id='line_1_2' title="bbox 134 484 1173 560; baseline 0.004 -17"><span class='ocrx_word' id='word_1_6' title='bbox 134 484 279 560; x_wconf 89' lang='lat' dir='ltr'>quendum</span> <span class='ocrx_word' id='word_1_7' title='bbox 298 500 400 542; x_wconf 90' lang='lat' dir='ltr'>munus</span> <span class='ocrx_word' id='word_1_8' title='bbox 421 500 512 544; x_wconf 84' lang='lat' dir='ltr'>suum.</span> <span class='ocrx_word' id='word_1_9' title='bbox 554 486 658 543; x_wconf 82' lang='lat' dir='ltr'>Munus</span> <span class='ocrx_word' id='word_1_10' title='bbox 685 492 776 543; x_wconf 89' lang='lat' dir='ltr'>autem</span> <span class='ocrx_word' id='word_1_11' title='bbox 805 487 889 544; x_wconf 90' lang='lat' dir='ltr'>animi</span> <span class='ocrx_word' id='word_1_12' title='bbox 910 495 952 545; x_wconf 87' lang='lat' dir='ltr'>est</span> <span class='ocrx_word' id='word_1_13' title='bbox 974 487 1079 546; x_wconf 86' lang='lat' dir='ltr'>ratione</span> <span class='ocrx_word' id='word_1_14' title='bbox 1101 489 1173 547; x_wconf 88' lang='lat' dir='ltr'>hene</span> 
     </span>
     <span class='ocr_line' id='line_1_3' title="bbox 133 590 1173 673; baseline 0.001 -21"><span class='ocrx_word' id='word_1_15' title='bbox 133 592 187 666; x_wconf 90' lang='lat' dir='ltr'>utl,</span> <span class='ocrx_word' id='word_1_16' title='bbox 210 598 238 649; x_wconf 92' lang='lat' dir='ltr'>et</span> <span class='ocrx_word' id='word_1_17' title='bbox 263 590 396 664; x_wconf 87' lang='lat' dir='ltr'>sapientis</span> <span class='ocrx_word' id='word_1_18' title='bbox 423 590 531 648; x_wconf 89' lang='lat' dir='ltr'>animus</span> <span class='ocrx_word' id='word_1_19' title='bbox 558 591 596 648; x_wconf 93' lang='lat' dir='ltr'>ita</span> <span class='ocrx_word' id='word_1_20' title='bbox 627 609 739 665; x_wconf 84' lang='lat' dir='ltr'>semper</span> <span class='ocrx_word' id='word_1_21' title='bbox 770 593 884 651; x_wconf 84' lang='lat' dir='ltr'>affectus</span> <span class='ocrx_word' id='word_1_22' title='bbox 917 601 973 669; x_wconf 88' lang='lat' dir='ltr'>est,</span> <span class='ocrx_word' id='word_1_23' title='bbox 1006 601 1036 652; x_wconf 93' lang='lat' dir='ltr'>ut</span> <span class='ocrx_word' id='word_1_24' title='bbox 1067 595 1173 673; x_wconf 84' lang='lat' dir='ltr'>ratione</span> 
     </span>
     <span class='ocr_line' id='line_1_4' title="bbox 78 698 1173 774; baseline 0.003 -17"><span class='ocrx_word' id='word_1_25' title='bbox 78 705 82 710; x_wconf 87' lang='lat'>&#39;</span> <span class='ocrx_word' id='word_1_26' title='bbox 133 700 241 773; x_wconf 82' lang='lat' dir='ltr'>optime</span> <span class='ocrx_word' id='word_1_27' title='bbox 261 703 360 756; x_wconf 89' lang='lat' dir='ltr'>utatur.</span> <span class='ocrx_word' id='word_1_28' title='bbox 408 698 557 770; x_wconf 89' lang='lat' dir='ltr'>Nunquam</span> <span class='ocrx_word' id='word_1_29' title='bbox 578 698 663 770; x_wconf 90' lang='lat' dir='ltr'>igitur</span> <span class='ocrx_word' id='word_1_30' title='bbox 684 706 726 755; x_wconf 88' lang='lat' dir='ltr'>est</span> <span class='ocrx_word' id='word_1_31' title='bbox 747 703 930 772; x_wconf 87' lang='lat' dir='ltr'>perturbatus.</span> <span class='ocrx_word' id='word_1_32' title='bbox 973 702 1009 757; x_wconf 80' lang='lat' dir='ltr'>At</span> <span class='ocrx_word' id='word_1_33' title='bbox 1030 702 1173 774; x_wconf 80' lang='lat' dir='ltr'>aegritudo</span> 
     </span>
     <span class='ocr_line' id='line_1_5' title="bbox 77 781 1077 881; baseline 0.001 -18"><span class='ocrx_word' id='word_1_34' title='bbox 77 781 80 792; x_wconf 40' lang='grc' dir='ltr'>Ι</span> <span class='ocrx_word' id='word_1_35' title='bbox 133 804 307 881; x_wconf 76' lang='lat' dir='ltr'>perturbatio</span> <span class='ocrx_word' id='word_1_36' title='bbox 329 809 372 862; x_wconf 90' lang='lat' dir='ltr'>est</span> <span class='ocrx_word' id='word_1_37' title='bbox 392 803 486 861; x_wconf 89' lang='lat' dir='ltr'>animi.</span> <span class='ocrx_word' id='word_1_38' title='bbox 529 805 647 875; x_wconf 86' lang='lat' dir='ltr'>Semper</span> <span class='ocrx_word' id='word_1_39' title='bbox 667 796 752 876; x_wconf 83' lang='lat' dir='ltr'>igitur</span> <span class='ocrx_word' id='word_1_40' title='bbox 774 825 805 864; x_wconf 91' lang='lat' dir='ltr'>ea</span> <span class='ocrx_word' id='word_1_41' title='bbox 828 807 938 879; x_wconf 89' lang='lat' dir='ltr'>sapiens</span> <span class='ocrx_word' id='word_1_42' title='bbox 961 808 1077 864; x_wconf 85' lang='lat' dir='ltr'>uaeabit.</span> 
     </span>
     <span class='ocr_line' id='line_1_6' title="bbox 220 908 1172 988; baseline 0.003 -19"><span class='ocrx_word' id='word_1_43' title='bbox 220 912 300 969; x_wconf 82' lang='lat' dir='ltr'>vtlt.</span> <span class='ocrx_word' id='word_1_44' title='bbox 324 908 372 970; x_wconf 81' lang='grc'>16.</span> <span class='ocrx_word' id='word_1_45' title='bbox 396 910 462 969; x_wconf 88' lang='lat' dir='ltr'>Ueri</span> <span class='ocrx_word' id='word_1_46' title='bbox 484 910 565 967; x_wconf 91' lang='lat' dir='ltr'>etiam</span> <span class='ocrx_word' id='word_1_47' title='bbox 587 910 678 967; x_wconf 91' lang='lat' dir='ltr'>simile</span> <span class='ocrx_word' id='word_1_48' title='bbox 700 911 771 968; x_wconf 94' lang='lat' dir='ltr'>illud</span> <span class='ocrx_word' id='word_1_49' title='bbox 793 920 849 988; x_wconf 85' lang='lat' dir='ltr'>est,</span> <span class='ocrx_word' id='word_1_50' title='bbox 873 914 921 986; x_wconf 88' lang='lat' dir='ltr'>qui</span> <span class='ocrx_word' id='word_1_51' title='bbox 943 915 979 971; x_wconf 91' lang='lat' dir='ltr'>sit</span> <span class='ocrx_word' id='word_1_52' title='bbox 1000 921 1172 988; x_wconf 81' lang='lat' dir='ltr'>temperans,</span> 
     </span>
     <span class='ocr_line' id='line_1_7' title="bbox 132 1001 1173 1101; baseline 0.002 -24"><span class='ocrx_word' id='word_1_53' title='bbox 132 1036 220 1101; x_wconf 82' lang='lat' dir='ltr'>quem</span> <span class='ocrx_word' id='word_1_54' title='bbox 242 1016 340 1076; x_wconf 86' lang='lat' dir='ltr'>Graeci</span> <span class='ocrx_word' id='word_1_55' title='bbox 361 1001 506 1094; x_wconf 66' lang='grc' dir='ltr'>σώφρονα</span> <span class='ocrx_word' id='word_1_56' title='bbox 527 1018 676 1091; x_wconf 85' lang='lat' dir='ltr'>appellant,</span> <span class='ocrx_word' id='word_1_57' title='bbox 688 1036 805 1092; x_wconf 89' lang='lat' dir='ltr'>eamque</span> <span class='ocrx_word' id='word_1_58' title='bbox 826 1021 955 1078; x_wconf 90' lang='lat' dir='ltr'>uirtutem</span> <span class='ocrx_word' id='word_1_59' title='bbox 977 1007 1173 1100; x_wconf 73' lang='grc' dir='ltr'>σωφροσύνην</span> 
     </span>
     <span class='ocr_line' id='line_1_8' title="bbox 134 1123 1172 1202; baseline 0 -17"><span class='ocrx_word' id='word_1_60' title='bbox 134 1132 255 1200; x_wconf 80' lang='lat' dir='ltr'>uoeaut,</span> <span class='ocrx_word' id='word_1_61' title='bbox 280 1139 364 1197; x_wconf 90' lang='lat' dir='ltr'>quam</span> <span class='ocrx_word' id='word_1_62' title='bbox 386 1123 463 1181; x_wconf 85' lang='lat' dir='ltr'>soleo</span> <span class='ocrx_word' id='word_1_63' title='bbox 487 1123 616 1197; x_wconf 81' lang='lat' dir='ltr'>equidem</span> <span class='ocrx_word' id='word_1_64' title='bbox 638 1131 696 1182; x_wconf 90' lang='lat' dir='ltr'>tum</span> <span class='ocrx_word' id='word_1_65' title='bbox 717 1128 941 1202; x_wconf 81' lang='lat' dir='ltr'>temperantiam,</span> <span class='ocrx_word' id='word_1_66' title='bbox 965 1135 1023 1185; x_wconf 92' lang='lat' dir='ltr'>tum</span> <span class='ocrx_word' id='word_1_67' title='bbox 1046 1129 1172 1186; x_wconf 87' lang='lat' dir='ltr'>modera-</span> 
     </span>
     <span class='ocr_line' id='line_1_9' title="bbox 133 1214 1252 1317; baseline 0.006 -31"><span class='ocrx_word' id='word_1_68' title='bbox 133 1229 240 1286; x_wconf 86' lang='lat' dir='ltr'>tionem</span> <span class='ocrx_word' id='word_1_69' title='bbox 251 1230 403 1303; x_wconf 85' lang='lat' dir='ltr'>appellare,</span> <span class='ocrx_word' id='word_1_70' title='bbox 425 1247 623 1303; x_wconf 79' lang='lat' dir='ltr'>mnnrmquam</span> <span class='ocrx_word' id='word_1_71' title='bbox 638 1232 720 1288; x_wconf 89' lang='lat' dir='ltr'>etiam</span> <span class='ocrx_word' id='word_1_72' title='bbox 741 1235 921 1308; x_wconf 82' lang='lat' dir='ltr'>modestiam3</span> <span class='ocrx_word' id='word_1_73' title='bbox 945 1235 995 1291; x_wconf 90' lang='lat' dir='ltr'>sed</span> <span class='ocrx_word' id='word_1_74' title='bbox 1016 1236 1090 1291; x_wconf 89' lang='lat' dir='ltr'>haud</span> <span class='ocrx_word' id='word_1_75' title='bbox 1113 1236 1171 1293; x_wconf 86' lang='lat' dir='ltr'>scio</span> <span class='ocrx_word' id='word_1_76' title='bbox 1216 1310 1220 1317; x_wconf 27' lang='grc' dir='ltr'>ι</span> <span class='ocrx_word' id='word_1_77' title='bbox 1244 1214 1252 1232; x_wconf 42' lang='lat'>²</span> 
     </span>
     <span class='ocr_line' id='line_1_10' title="bbox 133 1335 1173 1414; baseline 0.005 -20"><span class='ocrx_word' id='word_1_78' title='bbox 133 1354 172 1400; x_wconf 86' lang='lat' dir='ltr'>an</span> <span class='ocrx_word' id='word_1_79' title='bbox 197 1342 277 1393; x_wconf 84' lang='lat' dir='ltr'>reete·</span> <span class='ocrx_word' id='word_1_80' title='bbox 299 1354 332 1394; x_wconf 88' lang='lat' dir='ltr'>ea</span> <span class='ocrx_word' id='word_1_81' title='bbox 352 1335 441 1393; x_wconf 79' lang='lat' dir='ltr'>uirtus</span> <span class='ocrx_word' id='word_1_82' title='bbox 470 1335 613 1409; x_wconf 80' lang='lat' dir='ltr'>frugalitas</span> <span class='ocrx_word' id='word_1_83' title='bbox 635 1340 770 1411; x_wconf 86' lang='lat' dir='ltr'>appellari</span> <span class='ocrx_word' id='word_1_84' title='bbox 791 1341 895 1414; x_wconf 86' lang='lat' dir='ltr'>pessit,</span> <span class='ocrx_word' id='word_1_85' title='bbox 924 1342 1000 1413; x_wconf 86' lang='lat' dir='ltr'>qued</span> <span class='ocrx_word' id='word_1_86' title='bbox 1030 1343 1173 1413; x_wconf 86' lang='lat' dir='ltr'>angustius</span> 
     </span>
     <span class='ocr_line' id='line_1_11' title="bbox 134 1439 1172 1524; baseline 0.006 -25"><span class='ocrx_word' id='word_1_87' title='bbox 134 1443 210 1515; x_wconf 83' lang='lat' dir='ltr'>apud</span> <span class='ocrx_word' id='word_1_88' title='bbox 237 1441 362 1501; x_wconf 75' lang='lat' dir='ltr'>Graecos</span> <span class='ocrx_word' id='word_1_89' title='bbox 387 1443 471 1517; x_wconf 86' lang='lat' dir='ltr'>ualet,</span> <span class='ocrx_word' id='word_1_90' title='bbox 484 1443 550 1516; x_wconf 55' lang='lat' dir='ltr'>*qui</span> <span class='ocrx_word' id='word_1_91' title='bbox 578 1443 652 1516; x_wconf 84' lang='lat' dir='ltr'>frugi</span> <span class='ocrx_word' id='word_1_92' title='bbox 679 1444 806 1502; x_wconf 87' lang='lat' dir='ltr'>homines</span> <span class='ocrx_word' id='word_1_93' title='bbox 827 1439 998 1524; x_wconf 78' lang='grc' dir='ltr'>χρησίμοῡς</span> <span class='ocrx_word' id='word_1_94' title='bbox 1019 1450 1172 1522; x_wconf 87' lang='lat' dir='ltr'>appellant,</span> 
     </span>
     <span class='ocr_line' id='line_1_12' title="bbox 133 1547 1171 1626; baseline 0.006 -21"><span class='ocrx_word' id='word_1_95' title='bbox 133 1547 165 1605; x_wconf 92' lang='lat' dir='ltr'>id</span> <span class='ocrx_word' id='word_1_96' title='bbox 186 1554 230 1605; x_wconf 80' lang='lat' dir='ltr'>est</span> <span class='ocrx_word' id='word_1_97' title='bbox 248 1549 438 1613; x_wconf 77' lang='lat' dir='ltr'>tantummodo</span> <span class='ocrx_word' id='word_1_98' title='bbox 460 1549 558 1623; x_wconf 86' lang='lat' dir='ltr'>utiles;</span> <span class='ocrx_word' id='word_1_99' title='bbox 580 1556 607 1608; x_wconf 91' lang='lat' dir='ltr'>at</span> <span class='ocrx_word' id='word_1_100' title='bbox 629 1551 699 1607; x_wconf 91' lang='lat' dir='ltr'>illud</span> <span class='ocrx_word' id='word_1_101' title='bbox 721 1558 764 1608; x_wconf 91' lang='lat' dir='ltr'>est</span> <span class='ocrx_word' id='word_1_102' title='bbox 785 1553 883 1626; x_wconf 82' lang='lat' dir='ltr'>latius3</span> <span class='ocrx_word' id='word_1_103' title='bbox 907 1554 997 1608; x_wconf 85' lang='lat' dir='ltr'>omnis</span> <span class='ocrx_word' id='word_1_104' title='bbox 1015 1554 1089 1610; x_wconf 91' lang='lat' dir='ltr'>enim</span> <span class='ocrx_word' id='word_1_105' title='bbox 1107 1557 1171 1612; x_wconf 88' lang='lat' dir='ltr'>abs-</span> 
     </span>
     <span class='ocr_line' id='line_1_13' title="bbox 133 1650 1173 1734; baseline 0.007 -23"><span class='ocrx_word' id='word_1_106' title='bbox 133 1654 258 1729; x_wconf 84' lang='lat' dir='ltr'>tinentia,</span> <span class='ocrx_word' id='word_1_107' title='bbox 281 1655 377 1712; x_wconf 86' lang='lat' dir='ltr'>umnis.</span> <span class='ocrx_word' id='word_1_108' title='bbox 394 1655 551 1713; x_wconf 86' lang='lat' dir='ltr'>inuoceutia</span> <span class='ocrx_word' id='word_1_109' title='bbox 572 1650 658 1734; x_wconf 83' lang='lat' dir='ltr'>(quae</span> <span class='ocrx_word' id='word_1_110' title='bbox 681 1659 757 1730; x_wconf 91' lang='lat' dir='ltr'>apud</span> <span class='ocrx_word' id='word_1_111' title='bbox 777 1658 898 1716; x_wconf 87' lang='lat' dir='ltr'>Graecos</span> <span class='ocrx_word' id='word_1_112' title='bbox 920 1661 1050 1723; x_wconf 90' lang='lat' dir='ltr'>usitatum</span> <span class='ocrx_word' id='word_1_113' title='bbox 1071 1679 1173 1718; x_wconf 87' lang='lat' dir='ltr'>nomen</span> 
     </span>
     <span class='ocr_line' id='line_1_14' title="bbox 133 1745 1172 1839; baseline 0.005 -19"><span class='ocrx_word' id='word_1_114' title='bbox 133 1763 244 1820; x_wconf 77' lang='lat' dir='ltr'>nullum</span> <span class='ocrx_word' id='word_1_115' title='bbox 264 1762 357 1836; x_wconf 84' lang='lat' dir='ltr'>habet,</span> <span class='ocrx_word' id='word_1_116' title='bbox 379 1763 434 1819; x_wconf 86' lang='lat' dir='ltr'>sed</span> <span class='ocrx_word' id='word_1_117' title='bbox 440 1763 549 1819; x_wconf 78' lang='lat' dir='ltr'>habere</span> <span class='ocrx_word' id='word_1_118' title='bbox 564 1769 656 1836; x_wconf 84' lang='lat' dir='ltr'>petest</span> <span class='ocrx_word' id='word_1_119' title='bbox 677 1745 868 1839; x_wconf 67' lang='grc' dir='ltr'>οἷβλάβειανς</span> <span class='ocrx_word' id='word_1_120' title='bbox 891 1782 953 1822; x_wconf 89' lang='lat' dir='ltr'>nam</span> <span class='ocrx_word' id='word_1_121' title='bbox 975 1774 1018 1824; x_wconf 92' lang='lat' dir='ltr'>est</span> <span class='ocrx_word' id='word_1_122' title='bbox 1038 1767 1172 1825; x_wconf 88' lang='lat' dir='ltr'>innocen·</span> 
     </span>
     <span class='ocr_line' id='line_1_15' title="bbox 133 1868 1172 1945; baseline 0.007 -20"><span class='ocrx_word' id='word_1_123' title='bbox 133 1868 172 1926; x_wconf 86' lang='lat' dir='ltr'>tia</span> <span class='ocrx_word' id='word_1_124' title='bbox 192 1868 301 1925; x_wconf 82' lang='lat' dir='ltr'>allectio</span> <span class='ocrx_word' id='word_1_125' title='bbox 313 1868 376 1926; x_wconf 91' lang='lat' dir='ltr'>talis</span> <span class='ocrx_word' id='word_1_126' title='bbox 396 1868 493 1943; x_wconf 90' lang='lat' dir='ltr'>animi,</span> <span class='ocrx_word' id='word_1_127' title='bbox 516 1886 587 1942; x_wconf 85' lang='lat' dir='ltr'>quae</span> <span class='ocrx_word' id='word_1_128' title='bbox 599 1878 695 1928; x_wconf 81' lang='lat' dir='ltr'>noceat</span> <span class='ocrx_word' id='word_1_129' title='bbox 716 1872 847 1945; x_wconf 88' lang='lat' dir='ltr'>nemini),</span> <span class='ocrx_word' id='word_1_130' title='bbox 866 1872 987 1945; x_wconf 92' lang='lat' dir='ltr'>reliquas</span> <span class='ocrx_word' id='word_1_131' title='bbox 1010 1875 1093 1939; x_wconf 90' lang='lat' dir='ltr'>etiam</span> <span class='ocrx_word' id='word_1_132' title='bbox 1113 1877 1172 1932; x_wconf 88' lang='lat' dir='ltr'>uir·</span> 
     </span>
     <span class='ocr_line' id='line_1_16' title="bbox 135 1974 1172 2055; baseline 0.004 -21"><span class='ocrx_word' id='word_1_133' title='bbox 135 1982 212 2034; x_wconf 77' lang='lat' dir='ltr'>artes·</span> <span class='ocrx_word' id='word_1_134' title='bbox 227 1974 371 2047; x_wconf 79' lang='lat' dir='ltr'>tingalitas</span> <span class='ocrx_word' id='word_1_135' title='bbox 393 1976 522 2032; x_wconf 78' lang='lat' dir='ltr'>eontinet</span> <span class='ocrx_word' id='word_1_136' title='bbox 561 1979 639 2046; x_wconf 88' lang='lat' dir='ltr'>Quae</span> <span class='ocrx_word' id='word_1_137' title='bbox 660 1977 714 2034; x_wconf 92' lang='lat' dir='ltr'>nisi</span> <span class='ocrx_word' id='word_1_138' title='bbox 732 1984 803 2035; x_wconf 87' lang='lat' dir='ltr'>tanta</span> <span class='ocrx_word' id='word_1_139' title='bbox 826 1985 908 2055; x_wconf 91' lang='lat' dir='ltr'>esset,</span> <span class='ocrx_word' id='word_1_140' title='bbox 932 1985 959 2035; x_wconf 92' lang='lat' dir='ltr'>et</span> <span class='ocrx_word' id='word_1_141' title='bbox 981 1979 1004 2037; x_wconf 88' lang='lat' dir='ltr'>si</span> <span class='ocrx_word' id='word_1_142' title='bbox 1026 1980 1060 2038; x_wconf 91' lang='lat' dir='ltr'>iis</span> <span class='ocrx_word' id='word_1_143' title='bbox 1083 1999 1172 2054; x_wconf 91' lang='lat' dir='ltr'>angu-</span> 
     </span>
     <span class='ocr_line' id='line_1_17' title="bbox 134 2061 1180 2159; baseline 0.004 -18"><span class='ocrx_word' id='word_1_144' title='bbox 134 2083 213 2157; x_wconf 74' lang='lat' dir='ltr'>stiis,</span> <span class='ocrx_word' id='word_1_145' title='bbox 236 2081 338 2156; x_wconf 86' lang='lat' dir='ltr'>quibus</span> <span class='ocrx_word' id='word_1_146' title='bbox 359 2081 487 2155; x_wconf 89' lang='lat' dir='ltr'>plerique</span> <span class='ocrx_word' id='word_1_147' title='bbox 509 2088 615 2155; x_wconf 82' lang='lat' dir='ltr'>putant,</span> <span class='ocrx_word' id='word_1_148' title='bbox 639 2090 788 2159; x_wconf 87' lang='lat' dir='ltr'>teneretur,</span> <span class='ocrx_word' id='word_1_149' title='bbox 812 2103 952 2158; x_wconf 83' lang='lat' dir='ltr'>nunquam</span> <span class='ocrx_word' id='word_1_150' title='bbox 975 2094 1048 2144; x_wconf 85' lang='lat' dir='ltr'>esset</span> <span class='ocrx_word' id='word_1_151' title='bbox 1068 2088 1100 2144; x_wconf 88' lang='lat' dir='ltr'>L.</span> <span class='ocrx_word' id='word_1_152' title='bbox 1123 2061 1180 2145; x_wconf 56' lang='lat' dir='ltr'>Pi?</span> 
     </span>
     <span class='ocr_line' id='line_1_18' title="bbox 135 2190 1171 2268; baseline 0.002 -20"><span class='ocrx_word' id='word_1_153' title='bbox 135 2190 212 2249; x_wconf 83' lang='lat' dir='ltr'>sonis</span> <span class='ocrx_word' id='word_1_154' title='bbox 233 2204 390 2261; x_wconf 84' lang='lat' dir='ltr'>cognomen</span> <span class='ocrx_word' id='word_1_155' title='bbox 411 2194 486 2246; x_wconf 83' lang='lat' dir='ltr'>tanto</span> <span class='ocrx_word' id='word_1_156' title='bbox 507 2202 596 2260; x_wconf 85' lang='lat' dir='ltr'>upere</span> <span class='ocrx_word' id='word_1_157' title='bbox 618 2191 767 2246; x_wconf 89' lang='lat' dir='ltr'>laudatum.</span> <span class='ocrx_word' id='word_1_158' title='bbox 813 2190 862 2249; x_wconf 87' lang='grc'>17.</span> <span class='ocrx_word' id='word_1_159' title='bbox 887 2193 942 2248; x_wconf 88' lang='lat' dir='ltr'>Sed</span> <span class='ocrx_word' id='word_1_160' title='bbox 963 2193 1027 2265; x_wconf 91' lang='lat' dir='ltr'>quia</span> <span class='ocrx_word' id='word_1_161' title='bbox 1049 2210 1100 2249; x_wconf 84' lang='lat' dir='ltr'>nee</span> <span class='ocrx_word' id='word_1_162' title='bbox 1122 2195 1171 2268; x_wconf 93' lang='lat' dir='ltr'>qui</span> 
     </span>
     <span class='ocr_line' id='line_1_19' title="bbox 134 2272 1173 2374; baseline 0.001 -19"><span class='ocrx_word' id='word_1_163' title='bbox 134 2304 250 2374; x_wconf 86' lang='lat' dir='ltr'>propter</span> <span class='ocrx_word' id='word_1_164' title='bbox 269 2303 374 2354; x_wconf 82' lang='lat' dir='ltr'>meum</span> <span class='ocrx_word' id='word_1_165' title='bbox 395 2294 563 2368; x_wconf 90' lang='lat' dir='ltr'>praesidium</span> <span class='ocrx_word' id='word_1_166' title='bbox 585 2295 707 2371; x_wconf 84' lang='lat' dir='ltr'>reliquit,</span> <span class='ocrx_word' id='word_1_167' title='bbox 723 2296 799 2369; x_wconf 82' lang='lat' dir='ltr'>qued</span> <span class='ocrx_word' id='word_1_168' title='bbox 822 2272 864 2353; x_wconf 75' lang='lat' dir='ltr'>est</span> <span class='ocrx_word' id='word_1_169' title='bbox 884 2297 1027 2373; x_wconf 88' lang='lat' dir='ltr'>ignauiae;</span> <span class='ocrx_word' id='word_1_170' title='bbox 1050 2317 1101 2355; x_wconf 90' lang='lat' dir='ltr'>nee</span> <span class='ocrx_word' id='word_1_171' title='bbox 1122 2301 1173 2373; x_wconf 87' lang='lat' dir='ltr'>qui</span> 
     </span>
     <span class='ocr_line' id='line_1_20' title="bbox 133 2401 1172 2480; baseline 0.001 -19"><span class='ocrx_word' id='word_1_172' title='bbox 133 2410 249 2480; x_wconf 83' lang='lat' dir='ltr'>prepter</span> <span class='ocrx_word' id='word_1_173' title='bbox 270 2401 411 2462; x_wconf 88' lang='lat' dir='ltr'>auaritiam</span> <span class='ocrx_word' id='word_1_174' title='bbox 433 2403 504 2458; x_wconf 87' lang='lat' dir='ltr'>elam</span> <span class='ocrx_word' id='word_1_175' title='bbox 525 2401 680 2474; x_wconf 88' lang='lat' dir='ltr'>depositum</span> <span class='ocrx_word' id='word_1_176' title='bbox 709 2420 766 2459; x_wconf 86' lang='lat' dir='ltr'>nnn</span> <span class='ocrx_word' id='word_1_177' title='bbox 793 2404 927 2479; x_wconf 87' lang='lat' dir='ltr'>reddidit,</span> <span class='ocrx_word' id='word_1_178' title='bbox 955 2407 1031 2479; x_wconf 87' lang='lat' dir='ltr'>qued</span> <span class='ocrx_word' id='word_1_179' title='bbox 1059 2412 1101 2462; x_wconf 88' lang='lat' dir='ltr'>est</span> <span class='ocrx_word' id='word_1_180' title='bbox 1127 2406 1172 2462; x_wconf 77' lang='lat' dir='ltr'>iu—</span> 
     </span>
     <span class='ocr_line' id='line_1_21' title="bbox 133 2508 1171 2593; baseline 0 -24"><span class='ocrx_word' id='word_1_181' title='bbox 133 2511 269 2584; x_wconf 88' lang='lat' dir='ltr'>iustitiae;</span> <span class='ocrx_word' id='word_1_182' title='bbox 301 2527 354 2568; x_wconf 83' lang='lat' dir='ltr'>nee</span> <span class='ocrx_word' id='word_1_183' title='bbox 380 2508 431 2583; x_wconf 92' lang='lat' dir='ltr'>qui·</span> <span class='ocrx_word' id='word_1_184' title='bbox 456 2515 570 2580; x_wconf 85' lang='lat' dir='ltr'>propter</span> <span class='ocrx_word' id='word_1_185' title='bbox 591 2509 771 2566; x_wconf 84' lang='lat' dir='ltr'>temeritatem</span> <span class='ocrx_word' id='word_1_186' title='bbox 792 2512 865 2566; x_wconf 90' lang='lat' dir='ltr'>male</span> <span class='ocrx_word' id='word_1_187' title='bbox 888 2529 946 2566; x_wconf 91' lang='lat' dir='ltr'>rem</span> <span class='ocrx_word' id='word_1_188' title='bbox 969 2514 1070 2585; x_wconf 83' lang='lat' dir='ltr'>gessit,</span> <span class='ocrx_word' id='word_1_189' title='bbox 1095 2514 1171 2593; x_wconf 86' lang='lat' dir='ltr'>quod</span> 
     </span>
     <span class='ocr_line' id='line_1_22' title="bbox 134 2586 1169 2692; baseline -0.002 -16"><span class='ocrx_word' id='word_1_190' title='bbox 134 2586 415 2692; x_wconf 56' lang='lat' dir='ltr'>eststultitae,⁹irugi</span> <span class='ocrx_word' id='word_1_191' title='bbox 437 2615 572 2688; x_wconf 86' lang='lat' dir='ltr'>appellari</span> <span class='ocrx_word' id='word_1_192' title='bbox 589 2616 677 2673; x_wconf 83' lang='lat' dir='ltr'>solet:</span> <span class='ocrx_word' id='word_1_193' title='bbox 699 2633 732 2673; x_wconf 92' lang='lat' dir='ltr'>eo</span> <span class='ocrx_word' id='word_1_194' title='bbox 756 2624 810 2673; x_wconf 89' lang='lat' dir='ltr'>tres</span> <span class='ocrx_word' id='word_1_195' title='bbox 822 2615 947 2689; x_wconf 84' lang='lat' dir='ltr'>uirtutes,</span> <span class='ocrx_word' id='word_1_196' title='bbox 970 2617 1169 2691; x_wconf 79' lang='lat' dir='ltr'>fortitudinem,</span> 
     </span>
     <span class='ocr_line' id='line_1_23' title="bbox 132 2721 1172 2799; baseline -0.003 -16"><span class='ocrx_word' id='word_1_197' title='bbox 132 2724 280 2799; x_wconf 85' lang='lat' dir='ltr'>iustitiam,</span> <span class='ocrx_word' id='word_1_198' title='bbox 292 2722 476 2797; x_wconf 81' lang='lat' dir='ltr'>pnrdentiam,</span> <span class='ocrx_word' id='word_1_199' title='bbox 499 2721 643 2792; x_wconf 81' lang='lat' dir='ltr'>frugalitas</span> <span class='ocrx_word' id='word_1_200' title='bbox 665 2725 808 2794; x_wconf 80' lang='lat' dir='ltr'>complexa</span> <span class='ocrx_word' id='word_1_201' title='bbox 825 2728 867 2778; x_wconf 91' lang='lat' dir='ltr'>est</span> <span class='ocrx_word' id='word_1_202' title='bbox 890 2722 957 2797; x_wconf 82' lang='lat' dir='ltr'>(etsi</span> <span class='ocrx_word' id='word_1_203' title='bbox 981 2723 1034 2779; x_wconf 86' lang='lat' dir='ltr'>hee</span> <span class='ocrx_word' id='word_1_204' title='bbox 1056 2724 1172 2796; x_wconf 91' lang='lat' dir='ltr'>quidem</span> 
     </span>
     <span class='ocr_line' id='line_1_24' title="bbox 133 2829 1174 2902; baseline -0.001 -14"><span class='ocrx_word' id='word_1_205' title='bbox 133 2848 280 2889; x_wconf 84' lang='lat' dir='ltr'>commune</span> <span class='ocrx_word' id='word_1_206' title='bbox 301 2836 344 2887; x_wconf 87' lang='lat' dir='ltr'>est</span> <span class='ocrx_word' id='word_1_207' title='bbox 363 2831 513 2902; x_wconf 69' lang='lat' dir='ltr'>uirtutum</span> <span class='ocrx_word' id='word_1_208' title='bbox 540 2845 635 2885; x_wconf 88' lang='lat' dir='ltr'>omnes</span> <span class='ocrx_word' id='word_1_209' title='bbox 659 2829 732 2884; x_wconf 89' lang='lat' dir='ltr'>enim</span> <span class='ocrx_word' id='word_1_210' title='bbox 753 2829 824 2886; x_wconf 90' lang='lat' dir='ltr'>inter</span> <span class='ocrx_word' id='word_1_211' title='bbox 846 2845 876 2885; x_wconf 91' lang='lat' dir='ltr'>se</span> <span class='ocrx_word' id='word_1_212' title='bbox 901 2846 989 2886; x_wconf 86' lang='lat' dir='ltr'>nexae</span> <span class='ocrx_word' id='word_1_213' title='bbox 1012 2837 1041 2886; x_wconf 89' lang='lat' dir='ltr'>et</span> <span class='ocrx_word' id='word_1_214' title='bbox 1060 2830 1174 2902; x_wconf 84' lang='lat' dir='ltr'>iugatae</span> 
     </span>
     <span class='ocr_line' id='line_1_25' title="bbox 133 2930 1174 3014; baseline 0 -18"><span class='ocrx_word' id='word_1_215' title='bbox 133 2930 228 3014; x_wconf 86' lang='lat' dir='ltr'>suut);</span> <span class='ocrx_word' id='word_1_216' title='bbox 264 2938 372 3010; x_wconf 89' lang='lat' dir='ltr'>reliqua</span> <span class='ocrx_word' id='word_1_217' title='bbox 387 2935 477 3009; x_wconf 87' lang='lat' dir='ltr'>igitur</span> <span class='ocrx_word' id='word_1_218' title='bbox 498 2944 554 3011; x_wconf 87' lang='lat' dir='ltr'>est,</span> <span class='ocrx_word' id='word_1_219' title='bbox 577 2942 672 3010; x_wconf 83' lang='lat' dir='ltr'>quarta</span> <span class='ocrx_word' id='word_1_220' title='bbox 694 2935 783 2992; x_wconf 88' lang='lat' dir='ltr'>uirtus</span> <span class='ocrx_word' id='word_1_221' title='bbox 805 2942 835 2992; x_wconf 91' lang='lat' dir='ltr'>ut</span> <span class='ocrx_word' id='word_1_222' title='bbox 856 2935 907 3008; x_wconf 82' lang='lat' dir='ltr'>sit,</span> <span class='ocrx_word' id='word_1_223' title='bbox 930 2935 990 3008; x_wconf 91' lang='lat' dir='ltr'>ipsa</span> <span class='ocrx_word' id='word_1_224' title='bbox 1014 2937 1174 3008; x_wconf 69' lang='lat' dir='ltr'>frugalitas?</span> 
     </span>
     <span class='ocr_line' id='line_1_26' title="bbox 131 3020 1175 3116; baseline 0.001 -15"><span class='ocrx_word' id='word_1_225' title='bbox 131 3044 202 3102; x_wconf 86' lang='lat' dir='ltr'>Eius</span> <span class='ocrx_word' id='word_1_226' title='bbox 224 3043 298 3100; x_wconf 92' lang='lat' dir='ltr'>euim</span> <span class='ocrx_word' id='word_1_227' title='bbox 318 3042 429 3100; x_wconf 92' lang='lat' dir='ltr'>uidetur</span> <span class='ocrx_word' id='word_1_228' title='bbox 450 3060 512 3101; x_wconf 84' lang='lat' dir='ltr'>esse</span> <span class='ocrx_word' id='word_1_229' title='bbox 523 3043 666 3116; x_wconf 90' lang='lat' dir='ltr'>proprium</span> <span class='ocrx_word' id='word_1_230' title='bbox 688 3048 780 3098; x_wconf 86' lang='lat' dir='ltr'>metus</span> <span class='ocrx_word' id='word_1_231' title='bbox 801 3020 1049 3115; x_wconf 41' lang='lat' dir='ltr'>auimi&#39;appeteutis</span> <span class='ocrx_word' id='word_1_232' title='bbox 1071 3061 1175 3116; x_wconf 82' lang='lat' dir='ltr'>regere</span> 
     </span>
     <span class='ocr_line' id='line_1_27' title="bbox 133 3149 1174 3231; baseline 0 -23"><span class='ocrx_word' id='word_1_233' title='bbox 133 3157 163 3208; x_wconf 74' lang='lat' dir='ltr'>et</span> <span class='ocrx_word' id='word_1_234' title='bbox 188 3151 285 3207; x_wconf 88' lang='lat' dir='ltr'>sedare</span> <span class='ocrx_word' id='word_1_235' title='bbox 313 3166 479 3224; x_wconf 87' lang='lat' dir='ltr'>semperque</span> <span class='ocrx_word' id='word_1_236' title='bbox 506 3152 697 3231; x_wconf 81' lang='lat' dir='ltr'>aduersantem</span> <span class='ocrx_word' id='word_1_237' title='bbox 720 3149 829 3204; x_wconf 85' lang='lat' dir='ltr'>libidini</span> <span class='ocrx_word' id='word_1_238' title='bbox 850 3151 1020 3207; x_wconf 87' lang='lat' dir='ltr'>moderatam</span> <span class='ocrx_word' id='word_1_239' title='bbox 1042 3153 1070 3207; x_wconf 94' lang='lat' dir='ltr'>in</span> <span class='ocrx_word' id='word_1_240' title='bbox 1093 3153 1174 3208; x_wconf 67' lang='lat' dir='ltr'>omni*</span> 
     </span>
     <span class='ocr_line' id='line_1_28' title="bbox 132 3256 1170 3329; baseline -0.001 -15"><span class='ocrx_word' id='word_1_241' title='bbox 132 3274 165 3314; x_wconf 83' lang='lat' dir='ltr'>re</span> <span class='ocrx_word' id='word_1_242' title='bbox 193 3273 305 3314; x_wconf 84' lang='lat' dir='ltr'>seruare</span> <span class='ocrx_word' id='word_1_243' title='bbox 333 3257 524 3315; x_wconf 87' lang='lat' dir='ltr'>constantiam.</span> <span class='ocrx_word' id='word_1_244' title='bbox 569 3256 624 3313; x_wconf 84' lang='lat' dir='ltr'>Cui</span> <span class='ocrx_word' id='word_1_245' title='bbox 644 3256 812 3311; x_wconf 76' lang='lat' dir='ltr'>conuarium</span> <span class='ocrx_word' id='word_1_246' title='bbox 833 3256 932 3311; x_wconf 91' lang='lat' dir='ltr'>uitium</span> <span class='ocrx_word' id='word_1_247' title='bbox 955 3258 1075 3329; x_wconf 91' lang='lat' dir='ltr'>nequitia</span> <span class='ocrx_word' id='word_1_248' title='bbox 1098 3259 1170 3314; x_wconf 89' lang='lat' dir='ltr'>dici-</span> 
     </span>
     <span class='ocr_line' id='line_1_29' title="bbox 131 3361 1177 3436; baseline -0.005 -14"><span class='ocrx_word' id='word_1_249' title='bbox 131 3372 186 3424; x_wconf 90' lang='lat' dir='ltr'>tur.</span> <span class='ocrx_word' id='word_1_250' title='bbox 231 3362 280 3423; x_wconf 84' lang='grc'>18.</span> <span class='ocrx_word' id='word_1_251' title='bbox 302 3363 472 3436; x_wconf 79' lang='lat' dir='ltr'>FrugalitaS,</span> <span class='ocrx_word' id='word_1_252' title='bbox 500 3368 530 3419; x_wconf 90' lang='lat' dir='ltr'>ut</span> <span class='ocrx_word' id='word_1_253' title='bbox 552 3363 668 3434; x_wconf 86' lang='lat' dir='ltr'>opinor,</span> <span class='ocrx_word' id='word_1_254' title='bbox 700 3361 833 3436; x_wconf 85' lang='lat' dir='ltr'>airuge,</span> <span class='ocrx_word' id='word_1_255' title='bbox 864 3379 917 3434; x_wconf 91' lang='lat' dir='ltr'>qua</span> <span class='ocrx_word' id='word_1_256' title='bbox 939 3363 1009 3418; x_wconf 88' lang='lat' dir='ltr'>nihil</span> <span class='ocrx_word' id='word_1_257' title='bbox 1031 3362 1130 3418; x_wconf 85' lang='lat' dir='ltr'>melius</span> <span class='ocrx_word' id='word_1_258' title='bbox 1153 3380 1177 3417; x_wconf 56' lang='lat' dir='ltr'>e*</span> 
     </span>
     <span class='ocr_line' id='line_1_30' title="bbox 130 3440 1171 3544; baseline -0.008 -17"><span class='ocrx_word' id='word_1_259' title='bbox 130 3477 217 3527; x_wconf 77' lang='lat' dir='ltr'>terra.</span> <span class='ocrx_word' id='word_1_260' title='bbox 249 3469 379 3543; x_wconf 90' lang='lat' dir='ltr'>Nequitia</span> <span class='ocrx_word' id='word_1_261' title='bbox 399 3470 435 3526; x_wconf 88' lang='lat' dir='ltr'>ab</span> <span class='ocrx_word' id='word_1_262' title='bbox 456 3486 490 3525; x_wconf 91' lang='lat' dir='ltr'>en</span> <span class='ocrx_word' id='word_1_263' title='bbox 508 3466 577 3544; x_wconf 83' lang='lat' dir='ltr'>(etsi</span> <span class='ocrx_word' id='word_1_264' title='bbox 599 3468 653 3524; x_wconf 84' lang='lat' dir='ltr'>hoc</span> <span class='ocrx_word' id='word_1_265' title='bbox 674 3440 727 3523; x_wconf 77' lang='lat' dir='ltr'>erit</span> <span class='ocrx_word' id='word_1_266' title='bbox 748 3468 865 3523; x_wconf 79' lang='lat' dir='ltr'>tortasse</span> <span class='ocrx_word' id='word_1_267' title='bbox 887 3468 1005 3538; x_wconf 80' lang='lat' dir='ltr'>durius3·</span> <span class='ocrx_word' id='word_1_268' title='bbox 1024 3467 1074 3521; x_wconf 86' lang='lat' dir='ltr'>sed</span> <span class='ocrx_word' id='word_1_269' title='bbox 1096 3471 1171 3520; x_wconf 73' lang='lat' dir='ltr'>tem·</span> 
     </span>
     <span class='ocr_line' id='line_1_31' title="bbox 131 3572 1172 3651; baseline -0.006 -18"><span class='ocrx_word' id='word_1_270' title='bbox 131 3582 258 3650; x_wconf 81' lang='lat' dir='ltr'>ptemus3</span> <span class='ocrx_word' id='word_1_271' title='bbox 281 3575 382 3633; x_wconf 90' lang='lat' dir='ltr'>lusisse</span> <span class='ocrx_word' id='word_1_272' title='bbox 403 3584 542 3651; x_wconf 88' lang='lat' dir='ltr'>putemur,</span> <span class='ocrx_word' id='word_1_273' title='bbox 554 3575 581 3632; x_wconf 91' lang='lat' dir='ltr'>si</span> <span class='ocrx_word' id='word_1_274' title='bbox 599 3573 668 3630; x_wconf 94' lang='lat' dir='ltr'>nihil</span> <span class='ocrx_word' id='word_1_275' title='bbox 686 3573 746 3647; x_wconf 86' lang='lat' dir='ltr'>sit),</span> <span class='ocrx_word' id='word_1_276' title='bbox 763 3573 797 3629; x_wconf 89' lang='lat' dir='ltr'>ab</span> <span class='ocrx_word' id='word_1_277' title='bbox 820 3590 864 3647; x_wconf 89' lang='lat' dir='ltr'>eo,</span> <span class='ocrx_word' id='word_1_278' title='bbox 884 3574 962 3645; x_wconf 89' lang='lat' dir='ltr'>quod</span> <span class='ocrx_word' id='word_1_279' title='bbox 981 3572 1172 3644; x_wconf 80' lang='lat' dir='ltr'>nequicquam</span> 
     </span>
    </p>
   </div>
   <div class='ocr_carea' id='block_1_3' title="bbox 131 3764 1174 4177">
    <p class='ocr_par' dir='ltr' id='par_1_3' title="bbox 131 3764 1174 4177">
     <span class='ocr_line' id='line_1_32' title="bbox 202 3764 1174 3840; baseline -0.001 -14"><span class='ocrx_word' id='word_1_280' title='bbox 202 3764 244 3826; x_wconf 69' lang='lat'>17.</span> <span class='ocrx_word' id='word_1_281' title='bbox 254 3775 369 3838; x_wconf 85' lang='lat' dir='ltr'>reliquit)</span> <span class='ocrx_word' id='word_1_282' title='bbox 388 3776 509 3838; x_wconf 86' lang='lat' dir='ltr'>relinquit</span> <span class='ocrx_word' id='word_1_283' title='bbox 517 3775 549 3825; x_wconf 85' lang='lat' dir='ltr'>R.</span> <span class='ocrx_word' id='word_1_284' title='bbox 584 3789 721 3826; x_wconf 78' lang='lat' dir='ltr'>commune</span> <span class='ocrx_word' id='word_1_285' title='bbox 740 3775 797 3840; x_wconf 69' lang='grc' dir='ltr'>εει)</span> <span class='ocrx_word' id='word_1_286' title='bbox 810 3783 850 3826; x_wconf 86' lang='lat' dir='ltr'>est</span> <span class='ocrx_word' id='word_1_287' title='bbox 867 3789 888 3826; x_wconf 87' lang='lat' dir='ltr'>c.</span> <span class='ocrx_word' id='word_1_288' title='bbox 899 3775 967 3826; x_wconf 81' lang='lat' dir='ltr'>Non.</span> <span class='ocrx_word' id='word_1_289' title='bbox 981 3789 1009 3838; x_wconf 91' lang='lat' dir='ltr'>p.</span> <span class='ocrx_word' id='word_1_290' title='bbox 1019 3772 1066 3823; x_wconf 73' lang='lat'>4⁷.</span> <span class='ocrx_word' id='word_1_291' title='bbox 1077 3780 1174 3825; x_wconf 81' lang='lat' dir='ltr'>omnes·</span> 
     </span>
     <span class='ocr_line' id='line_1_33' title="bbox 132 3859 1168 3924; baseline -0.003 -13"><span class='ocrx_word' id='word_1_292' title='bbox 132 3859 216 3922; x_wconf 85' lang='lat' dir='ltr'>enirn)</span> <span class='ocrx_word' id='word_1_293' title='bbox 243 3860 327 3909; x_wconf 87' lang='lat' dir='ltr'>omnis</span> <span class='ocrx_word' id='word_1_294' title='bbox 345 3861 414 3909; x_wconf 89' lang='lat' dir='ltr'>enim</span> <span class='ocrx_word' id='word_1_295' title='bbox 432 3860 485 3910; x_wconf 75' lang='lat' dir='ltr'>nu.</span> <span class='ocrx_word' id='word_1_296' title='bbox 530 3873 608 3910; x_wconf 84' lang='lat' dir='ltr'>nexae</span> <span class='ocrx_word' id='word_1_297' title='bbox 632 3860 676 3924; x_wconf 86' lang='lat' dir='ltr'>et)</span> <span class='ocrx_word' id='word_1_298' title='bbox 710 3874 760 3912; x_wconf 85' lang='lat' dir='ltr'>om.</span> <span class='ocrx_word' id='word_1_299' title='bbox 780 3860 846 3910; x_wconf 85' lang='lat' dir='ltr'>Non.</span> <span class='ocrx_word' id='word_1_300' title='bbox 870 3860 887 3908; x_wconf 90' lang='lat' dir='ltr'>l.</span> <span class='ocrx_word' id='word_1_301' title='bbox 905 3860 922 3909; x_wconf 86' lang='lat' dir='ltr'>l.</span> <span class='ocrx_word' id='word_1_302' title='bbox 958 3859 1078 3920; x_wconf 84' lang='lat' dir='ltr'>reliqua)</span> <span class='ocrx_word' id='word_1_303' title='bbox 1104 3859 1168 3908; x_wconf 90' lang='lat' dir='ltr'>reli-</span> 
     </span>
     <span class='ocr_line' id='line_1_34' title="bbox 131 3942 1171 4008; baseline -0.002 -16"><span class='ocrx_word' id='word_1_304' title='bbox 131 3955 211 4006; x_wconf 88' lang='lat' dir='ltr'>quum</span> <span class='ocrx_word' id='word_1_305' title='bbox 241 3942 279 3992; x_wconf 24' lang='lat'>0.»</span> <span class='ocrx_word' id='word_1_306' title='bbox 325 3943 403 4004; x_wconf 85' lang='lat' dir='ltr'>igitur</span> <span class='ocrx_word' id='word_1_307' title='bbox 429 3943 483 4006; x_wconf 89' lang='lat' dir='ltr'>est)</span> <span class='ocrx_word' id='word_1_308' title='bbox 509 3944 586 4005; x_wconf 89' lang='lat' dir='ltr'>igitur</span> <span class='ocrx_word' id='word_1_309' title='bbox 612 3950 637 3995; x_wconf 90' lang='lat' dir='ltr'>et</span> <span class='ocrx_word' id='word_1_310' title='bbox 662 3945 729 3993; x_wconf 67' lang='lat' dir='ltr'>RP.‘</span> <span class='ocrx_word' id='word_1_311' title='bbox 767 3942 928 4008; x_wconf 87' lang='lat' dir='ltr'>appetentis)</span> <span class='ocrx_word' id='word_1_312' title='bbox 957 3948 1104 4005; x_wconf 84' lang='lat' dir='ltr'>appetentes</span> <span class='ocrx_word' id='word_1_313' title='bbox 1134 3942 1171 3992; x_wconf 91' lang='lat'>0..</span> 
     </span>
     <span class='ocr_line' id='line_1_35' title="bbox 131 4025 1172 4094; baseline -0.001 -16"><span class='ocrx_word' id='word_1_314' title='bbox 131 4025 328 4090; x_wconf 79' lang='lat' dir='ltr'>aduersantem)</span> <span class='ocrx_word' id='word_1_315' title='bbox 354 4031 515 4077; x_wconf 86' lang='lat' dir='ltr'>auersantem</span> <span class='ocrx_word' id='word_1_316' title='bbox 535 4030 575 4094; x_wconf 75' lang='lat' dir='ltr'>R,</span> <span class='ocrx_word' id='word_1_317' title='bbox 601 4029 647 4078; x_wconf 82' lang='lat' dir='ltr'>sed</span> <span class='ocrx_word' id='word_1_318' title='bbox 668 4041 735 4078; x_wconf 83' lang='lat' dir='ltr'>corr.</span> <span class='ocrx_word' id='word_1_319' title='bbox 756 4029 795 4076; x_wconf 80' lang='lat' dir='ltr'>tn.</span> <span class='ocrx_word' id='word_1_320' title='bbox 818 4028 876 4077; x_wconf 90' lang='lat' dir='ltr'>adu.</span> <span class='ocrx_word' id='word_1_321' title='bbox 903 4027 1021 4094; x_wconf 80' lang='lat' dir='ltr'>libidini)</span> <span class='ocrx_word' id='word_1_322' title='bbox 1046 4027 1120 4078; x_wconf 86' lang='lat' dir='ltr'>libini</span> <span class='ocrx_word' id='word_1_323' title='bbox 1135 4028 1172 4079; x_wconf 76' lang='lat' dir='ltr'>P.</span> 
     </span>
     <span class='ocr_line' id='line_1_36' title="bbox 133 4106 862 4177; baseline 0.003 -17"><span class='ocrx_word' id='word_1_324' title='bbox 133 4108 177 4164; x_wconf 79' lang='lat' dir='ltr'>lu.</span> <span class='ocrx_word' id='word_1_325' title='bbox 192 4106 300 4177; x_wconf 81' lang='lat' dir='ltr'>lusisse)</span> <span class='ocrx_word' id='word_1_326' title='bbox 317 4111 411 4162; x_wconf 87' lang='lat' dir='ltr'>iusisse</span> <span class='ocrx_word' id='word_1_327' title='bbox 428 4111 461 4162; x_wconf 81' lang='lat' dir='ltr'>R.</span> <span class='ocrx_word' id='word_1_328' title='bbox 497 4112 605 4163; x_wconf 86' lang='lat' dir='ltr'>iussisse</span> <span class='ocrx_word' id='word_1_329' title='bbox 621 4114 655 4163; x_wconf 78' lang='grc' dir='ltr'>Ρ.</span> <span class='ocrx_word' id='word_1_330' title='bbox 685 4110 762 4177; x_wconf 85' lang='lat' dir='ltr'>nihil)</span> <span class='ocrx_word' id='word_1_331' title='bbox 779 4113 817 4163; x_wconf 90' lang='lat' dir='ltr'>uil</span> <span class='ocrx_word' id='word_1_332' title='bbox 834 4113 862 4163; x_wconf 88' lang='lat' dir='ltr'>P.</span> 
     </span>
    </p>
   </div>
   <div class='ocr_carea' id='block_1_4' title="bbox 0 0 1310 4634">
    <p class='ocr_par' dir='ltr' id='par_1_4' title="bbox 0 0 1310 4634">
     <span class='ocr_line' id='line_1_37' title="bbox 0 0 1310 4634; baseline 0 0"><span class='ocrx_word' id='word_1_333' title='bbox 0 0 1310 4634; x_wconf 95' lang='lat' dir='ltr'> </span> 
     </span>
    </p>
   </div>
  </div>
 </body>
</html>
