2610 4634
171 267 216 333 et
246 248 251 257 ’
383 279 616 329 succussu.
651 280 1005 330 nrsruaarsouuu

171 472 296 548 quidem,
317 471 432 531 sidens
454 470 772 545 autanimaautignis
794 479 846 550 est,
867 472 943 531 idem
964 472 1137 532 estanimus
1158 473 1198 532 ho
1222 496 1227 503 ¹

172 580 265 641 minis.
306 581 378 639 Nam
406 585 438 638 ut
457 579 506 638 illa
525 586 623 637 natura
643 579 771 638 coelestis
792 558 820 638 et
839 586 912 638 terra
934 587 1013 638 uacat
1034 587 1062 639 et
1082 581 1212 656 humore,

172 687 214 747 sic
235 687 379 762 utriusque
400 688 499 745 harum
518 673 613 744 rerum
640 687 777 744 humanus
802 687 910 744 munus
938 695 982 746 est
1008 704 1117 760 expers.
1162 688 1214 746 Sin

172 801 265 855 sutem
286 801 330 852 est
349 793 445 868 quinta
466 795 603 867 quaedam
625 800 720 852 natura
741 795 777 851 ab
787 795 935 851 Aristotele
951 794 1063 852 inducta
1080 795 1213 872 primum,

174 902 243 960 haec
263 908 291 958 et
311 902 429 960 deorum
449 907 492 958 est
512 907 540 958 et
560 901 726 959 animorum.
765 902 846 959 Hanc
867 918 919 959 nos
942 902 1106 981 sententiam
1127 901 1214 961 secuti

173 1009 218 1068 his
239 1009 308 1083 ipsis
330 1008 424 1066 uerbis
446 1008 475 1064 in
496 1008 685 1065 consolatione
707 1007 761 1066 hoc
782 1009 985 1082 expressimuse

257 1117 377 1174 xxvll.
391 1112 440 1174 66.
458 1115 645 1189 „Animorum
665 1117 742 1174 nulla
764 1116 792 1173 in
813 1117 894 1174 terris
916 1118 995 1189 origo
1018 1116 1141 1176 inueniri
1161 1133 1215 1190 po·
1245 1103 1247 1106 Α

174 1229 236 1282 test
278 1223 355 1281 Nihil
377 1223 452 1281 enim
473 1229 515 1280 est
541 1221 691 1279 inanimis
714 1223 830 1280 mixtum
857 1231 939 1298 atquc
967 1229 1141 1300 concretum,
1170 1226 1217 1283 aut

174 1332 250 1406 qnod
276 1349 312 1388 ex
332 1337 406 1388 oerra
427 1337 521 1388 natum
542 1336 625 1403 atque
647 1330 740 1387 lictum
761 1347 824 1388 esse
844 1331 987 1406 uideatur;
1015 1331 1085 1388 nilril
1112 1349 1148 1388 ne
1170 1337 1217 1389 aut

124 1494 127 1503 ,
175 1438 321 1496 humidum
342 1438 456 1513 quidem
477 1444 523 1496 aut
544 1437 636 1494 flabile
657 1443 705 1494 aut
725 1437 848 1510 igneum.
887 1438 941 1496 llis
963 1439 1088 1496 enimin
1110 1439 1216 1507 naturis

175 1546 247 1605 nihil
267 1547 355 1620 inest,
383 1546 460 1620 quod
486 1545 545 1603 uim
571 1546 738 1619 memoriae,
767 1547 882 1620 mentis,
911 1547 1084 1630 cogitationis
1107 1547 1216 1621 habeat,

175 1656 253 1728 quod
273 1661 302 1712 et
321 1654 467 1726 praeterita
488 1659 578 1711 teneat
599 1658 627 1710 et
647 1653 738 1709 lutura
759 1653 904 1724 prouideat
921 1660 949 1712 et
964 1654 1112 1728 complecti
1128 1653 1218 1726 possit

176 1761 342 1836 praesentia,
363 1776 435 1835 quae
457 1762 517 1817 sola
531 1760 626 1816 diuina
643 1765 720 1833 sunt;
741 1777 793 1816 nec
809 1760 966 1819 inuenietur
987 1777 1120 1836 unquam,
1143 1761 1218 1818 unde

175 1870 211 1928 ad
233 1868 373 1925 hominem
394 1867 491 1924 uenire
513 1867 622 1940 possint
648 1866 702 1924 nisi
732 1885 747 1925 a
776 1869 839 1927 deo.
890 1868 1046 1941 Singularis
1067 1874 1111 1926 est
1131 1867 1217 1941 igitur

177 1976 313 2050 quaedam
335 1982 432 2033 natura
453 1981 534 2048 atque
555 1973 599 2032 uis
621 1974 715 2049 animi,
734 1975 859 2061 ,seiuncta
881 1976 916 2032 ab
938 1975 982 2033 his
1004 1976 1112 2033 usitatis
1128 1976 1217 2032 notis·

177 2099 232 2156 qne
260 2083 374 2142 naturis.
416 2085 457 2142 lta
484 2083 617 2157 quicquid
645 2089 686 2141 est
712 2083 797 2158 illud,
820 2082 896 2155 quod
917 2082 1014 2157 sentit,
1037 2085 1115 2157 quod
1136 2082 1217 2156 sapit,

177 2191 253 2266 quod
283 2189 368 2265 uiuit,
396 2191 472 2265 quod
500 2190 592 2266 uiget,
620 2192 740 2248 coeleste
762 2195 789 2247 et
811 2189 937 2246 diuinum
959 2191 997 2247 ob
1019 2208 1136 2265 eamque
1159 2206 1219 2247 rem

178 2304 321 2357 aeternum
343 2299 379 2356 sil
399 2315 514 2356 necesse
535 2304 587 2357 est.
629 2301 688 2356 Nec
709 2315 777 2355 uero
800 2298 868 2354 deus
890 2297 961 2374 ipse,
984 2298 1033 2371 qui
1055 2296 1219 2369 intelligitur

177 2406 314 2480 anobis,
345 2405 400 2463 alio
423 2406 507 2463 modo
528 2404 647 2476 intelligi
668 2411 760 2477 potest
786 2403 841 2461 nisi
869 2421 948 2462 mens
971 2407 1061 2462 solnta
1083 2405 1220 2478 quaedam

177 2521 207 2573 et
227 2513 333 2589 libera,
362 2519 506 2587 segregata
533 2513 568 2570 ab
591 2511 666 2569 omni
687 2510 863 2570 concretione
885 2511 1011 2586 mortali,
1034 2513 1125 2570 omnia
1155 2529 1220 2570 sen·

179 2621 250 2681 tiens
272 2629 300 2681 et
320 2639 436 2681 mouens
459 2622 575 2695 ipsaque
595 2619 718 2694 praedita
744 2626 821 2678 motu
842 2608 1040 2693 sempiterno.’'
1084 2617 1135 2678 67.
1158 2619 1222 2676 Hoc

179 2747 196 2787 e
217 2747 318 2803 genere
339 2736 421 2803 atque
443 2730 539 2786 eadem
561 2746 577 2786 e
598 2734 694 2785 natura
715 2733 758 2784 est
778 2727 896 2784 humana
918 2744 1007 2785 mens.
1059 2726 1115 2783 Ubi
1136 2726 1222 2798 igitur

179 2845 226 2896 aut
247 2837 336 2911 qualis
359 2843 402 2894 est
421 2837 473 2894 ista
494 2831 595 2893 mens?
619 2834 671 2891 Ubi
693 2840 740 2890 tua
762 2839 808 2890 aut
829 2831 944 2908 qualis?
965 2840 1082 2907 potesne
1104 2829 1221 2891 dicere?

180 2961 227 3020 an,
251 2944 275 3001 si
297 2943 390 3001 omnia
411 2945 446 3000 ad
467 2942 677 3014 intelligendum
699 2958 755 2998 non
776 2940 877 3016 habeo,
895 2958 966 3015 quac
985 2942 1089 2999 habere
1107 2942 1221 3013 uellem,

179 3050 266 3109 neiis
290 3050 413 3124 quidem,
436 3068 507 3124 quae
529 3050 628 3122 habeo,
651 3049 720 3106 mihi
741 3056 840 3123 perte
862 3051 901 3106 uti
924 3045 1040 3106 licebitl
1062 3049 1126 3105 Non
1149 3050 1225 3105 ualet

180 3164 286 3217 tantum
307 3157 432 3232 animus,
461 3164 491 3215 ut
512 3174 542 3215 se
563 3157 625 3231 ipse
646 3156 749 3215 uideat.
791 3157 829 3213 At
854 3162 884 3213 ut
911 3156 1029 3231 oculus,
1052 3155 1093 3213 sic
1114 3154 1224 3212 animus

181 3283 291 3325 senon
313 3265 411 3323 uidens
433 3264 604 3323 aliecernit
646 3264 710 3321 Non
736 3263 813 3322 uidet
840 3269 947 3337 autem,
975 3264 1052 3336 quod
1078 3261 1225 3319 minimum

116 3438 119 3443 ,
181 3381 234 3450 est,
257 3374 376 3432 formam
397 3389 485 3431 suam.
527 3373 672 3443 Fortasse3
705 3388 863 3446 quanquam
890 3370 919 3427 id
947 3387 1076 3444 qnoque3
1105 3370 1155 3426 sed
1178 3386 1224 3426 re-

181 3484 357 3558 linquamus;
379 3480 437 3539 uim
459 3485 543 3554 certe,
567 3479 752 3553 sagacitatem,
781 3477 955 3550 memoriam,
977 3482 1093 3548 molum,
1124 3475 1225 3533 celeri-

182 3597 267 3649 tatem
289 3591 374 3649 uidet
416 3589 494 3646 Haec
514 3604 630 3662 magna,
651 3587 720 3644 haec
744 3585 848 3658 diuina,
870 3585 939 3642 haec
959 3564 1127 3657 sempiterna
1144 3588 1226 3657 sunt;

182 3715 238 3775 qua
258 3699 329 3756 facie
351 3698 464 3772 quidem
483 3695 519 3754 sit
538 3702 585 3753 aut
600 3696 648 3753 uhi
665 3694 779 3767 habitet,
795 3710 830 3750 ne
848 3691 1036 3765 quaerendum
1048 3690 1161 3764 quidem
1174 3696 1226 3747 est.

266 3805 402 3862 xxvlll.
424 3801 474 3863 68.
507 3804 544 3862 Ut
571 3818 658 3876 quum
685 3801 813 3858 uidemus
835 3797 957 3870 speciem
976 3798 1100 3869 primurn
1121 3797 1227 3854 calido·

254 3983 302 4034 linc
319 3984 513 4048 expressimus)
530 3985 592 4036 haec
609 3996 677 4045 espr.
696 3979 729 4032 0.
762 3975 914 4043 humidum)
931 3976 1049 4029 umidum
1068 3977 1101 4027 ll.
1134 3977 1177 4026 or.
1195 3991 1229 4028 ne

184 4065 430 4139 iisrqultlemJnels
447 4067 599 4131 quidemn.
626 4072 649 4097 ¹*
897 4058 983 4119 'm
999 4060 1099 4125 ipson.
1124 4067 1155 4113 nt
1169 4075 1230 4115 sese

185 4155 241 4219 ipse
259 4153 292 4207 0.
522 4162 527 4175 “
