2610 4634
350 277 456 348 ‘css
480 292 516 348 ΙΙ.
564 306 644 350 ese.
670 292 802 352 16-17.
1061 296 1101 357 65
1192 360 1195 370 ,

61 491 147 547 Aetas
169 490 291 546 tironum
324 491 489 566 plerumque
517 493 632 566 melior3
663 496 712 551 ssd
735 496 807 552 ierrc
836 496 975 572 laborem,
1005 506 1099 556 eonte-

62 613 160 653 mncre
183 597 284 653 uulnus
306 600 476 656 consuetudo
499 599 588 656 docet.
643 601 717 670 Quin
740 601 819 658 etiam
836 602 963 660 uidemus
986 621 1020 660 cx
1041 607 1101 663 acie

62 702 158 760 efferri
180 720 263 775 saepe
290 704 398 761 saucios
426 710 454 763 et
484 705 597 778 quidem
624 707 723 764 rudem
744 707 823 764 ilium
845 715 873 766 et
892 708 1101 770 inexercitatum

60 809 191 884 quamuis
214 809 270 873 leui
289 809 344 866 ictu
361 812 484 882 ploratus
496 811 672 885 turpissimos
690 815 788 887 edere3
811 821 838 871 at
859 832 926 873 uero
948 816 997 874 ille
1018 835 1099 875 excr-

61 915 161 972 eitatus
183 922 311 973 eluctus
334 917 370 973 ob
393 934 510 991 eamque
532 935 592 975 rem
613 919 714 976 sortior
735 922 874 979 medicum
896 923 980 979 modo
1003 925 1098 998 requi·

60 1039 138 1094 rens,
161 1039 177 1079 a
199 1039 255 1096 quo
278 1023 427 1095 obligetur,

58 1128 115 1185 Ε..
149 1127 173 1184 0
205 1129 369 1203 Patrocles,
402 1129 511 1204 inquit,
552 1135 590 1188 uel
622 1149 674 1189 uos
708 1126 871 1208 adueniens,
905 1132 1042 1193 omilium
1074 1143 1099 1194 et

543 1216 546 1221 ¹
689 1246 797 1295 uestros
817 1258 915 1296 morsus

145 1341 224 1414 Peto,
254 1344 424 1415 priusquam
452 1347 579 1414 oppetam
603 1344 708 1399 molum
730 1350 850 1418 pestem,
879 1349 975 1403 dotem
1001 1349 1099 1405 hostili

689 1467 783 1522 mauu,

144 1553 239 1638 Neque
260 1558 376 1625 sanquis
396 1555 455 1610 ullo
473 1558 552 1627 potis
575 1562 614 1611 est
631 1561 716 1627 poeto
735 1559 878 1628 profluens
900 1562 1057 1631 consistere,

145 1660 178 1717 Si
200 1662 250 1733 qui
271 1664 410 1733 supientia
430 1664 521 1732 ruoqis
542 1668 637 1718 uestro
656 1680 730 1718 mors
753 1665 873 1720 deuiteri
890 1671 994 1736 potest.

142 1767 272 1839 Namque
292 1764 439 1844 Aesculapi
461 1768 609 1825 ulmorum
629 1772 721 1825 saucii
742 1770 855 1842 opplent
871 1775 1010 1847 porticus,
1055 1792 1066 1839 s¹

144 1873 210 1931 Neu
227 1878 322 1946 potest
343 1876 444 1930 ccccii.

57 1982 91 2038 P.
147 1980 223 2036 Certe
249 1979 414 2052 Eurypylus
435 1981 480 2037 lic
503 1984 611 2053 quidem
632 1986 680 2038 est.
713 1977 739 2056 †
762 1982 907 2040 Hominem
929 1988 1095 2044 exercitum!
1191 2010 1197 2021 ·

56 2086 107 2144 ubi
128 2092 236 2143 matum
256 2087 345 2142 luctus
367 2087 550 2144 continuator.
582 2088 674 2143 XVll.
696 2085 747 2145 39.
761 2088 839 2163 Uide,
863 2107 945 2161 quam
967 2109 1023 2146 non
1046 2093 1096 2149 lle»

57 2193 153 2277 bilitas
175 2193 357 2266 respondean
379 2194 515 2261 rationem
537 2194 619 2250 etiam
640 2193 729 2269 affert,
752 2211 801 2252 cur
820 2211 911 2268 aequo
930 2197 1021 2253 animo
1040 2197 1094 2255 sibi

56 2299 205 2356 ferendum
226 2298 276 2356 sit:

225 2392 229 2397 ’
459 2407 494 2463 E.
520 2406 577 2475 Qui
599 2408 680 2463 alteri
702 2411 816 2464 esitium
832 2415 930 2484 perot,
1106 2473 1107 2476 Ἴ

140 2511 216 2568 Eum
228 2514 298 2568 scire
310 2517 419 2584 oportet
430 2514 484 2568 sili
491 2518 625 2585 puratum
635 2518 747 2586 pestem,
761 2519 793 2568 ut
810 2518 969 2589 participet,
983 2532 1090 2587 parem.

54 2619 184 2675 Abducet
194 2619 345 2692 Patrocles,
367 2619 462 2691 credo,
484 2625 515 2674 ut
537 2621 656 2675 collocet
676 2617 705 2674 in
727 2617 822 2691 cubili,
844 2626 874 2674 ut
894 2623 996 2677 uulnus
1018 2623 1092 2677 obli·
1116 2597 1122 2601 ³

55 2731 112 2797 get
156 2705 188 2781 Si
216 2725 329 2797 quidem
350 2725 434 2780 homo
457 2732 546 2799 csset;
575 2726 625 2781 sed
652 2724 721 2781 nihil
749 2722 807 2780 uidi
833 2725 934 2783 minus.
978 2726 1092 2795 Quaerit

55 2832 149 2906 enim,
173 2830 240 2903 quid
261 2837 351 2888 actum
373 2832 421 2887 sit:

55 2941 90 2995 P.
133 2937 287 3009 Eloquere,
310 2955 354 2993 rcs
374 2935 511 3008 Arqiuum
527 2939 638 3010 proelio
661 2943 692 2993 ut
713 2956 741 2994 se
760 2939 901 2995 sustinet?

54 3047 90 3102 E.
135 3045 297 3116 Neapolis
319 3045 400 3116 efferi
422 3050 529 3101 tautum
551 3048 641 3118 dictis,
664 3052 797 3118 quamtum
821 3049 906 3120 factis
928 3050 1049 3119 suppetit
1086 3075 1094 3091 x

139 3151 271 3207 Labore.

53 3258 176 3328 Quiesce
195 3256 280 3327 igitur
301 3262 329 3312 et
349 3258 452 3314 uulnus
474 3255 565 3328 alliga.
619 3257 710 3314 Etiam
740 3259 763 3316 si
790 3261 951 3334 Eurypylus
984 3265 1087 3331 posset,

52 3382 110 3422 aon
130 3370 227 3439 posset
247 3363 384 3434 Aesopus.

458 3471 492 3526 E.
518 3470 572 3528 Uli
592 3473 710 3544 fortuma
732 3469 861 3525 Hectoris
924 3524 927 3537 ,

137 3577 272 3635 Nostrum
294 3593 383 3632 cerere
404 3579 489 3632 omero
509 3577 673 3633 iucliuotom
832 3569 840 3592 ⁸

121 3779 164 3830 38.
182 3776 327 3840 Patrocles)
344 3777 482 3827 Patricoles
499 3779 531 3828 lt.
567 3775 665 3843 datam)
681 3779 825 3827 mandatam
843 3778 875 3830 R.
910 3775 1086 3840 †Hominern

51 3859 205 3926 exereitum)
224 3863 279 3911 stuc
296 3866 364 3911 moto'
383 3868 495 3924 corrupt.
513 3861 570 3916 ΗΟ.
597 3864 679 3919 luctus
698 3862 870 3924 continuatur)
888 3863 983 3912 luctum
1001 3864 1086 3912 conli-

52 3954 146 3998 ouatus
163 3948 196 4014 R,
230 3947 273 3999 39.
293 3943 382 4011 affert)
408 3948 495 3996 atterat
511 3947 542 3996 R.
587 3945 848 4010 praesumpseram
868 3945 898 3995 0.
941 3945 1085 4010 Patrocles)

50 4031 190 4081 Patricoles
208 4031 240 4081 R.
276 4030 361 4094 esset)
379 4035 418 4080 est
436 4029 467 4079 Ο.
513 4031 567 4082 uidi
584 4029 690 4094 minus)
717 4030 830 4080 uidimus
853 4031 883 4081 R.
919 4031 985 4093 potis
1004 4028 1085 4092 ellari)

49 4121 133 4178 potest
150 4117 203 4168 huc
221 4116 267 4166 tari
285 4116 317 4169 R.

865 4216 882 4262 5
