<?xml version="1.0" encoding="UTF-8"?>
<!DOCTYPE html PUBLIC "-//W3C//DTD XHTML 1.0 Transitional//EN"
    "http://www.w3.org/TR/xhtml1/DTD/xhtml1-transitional.dtd">
<html xmlns="http://www.w3.org/1999/xhtml" xml:lang="en" lang="en">
 <head>
  <title>
</title>
<meta http-equiv="Content-Type" content="text/html;charset=utf-8" />
  <meta name='ocr-system' content='tesseract 3.04.00' />
  <meta name='ocr-capabilities' content='ocr_page ocr_carea ocr_par ocr_line ocrx_word'/>
</head>
<body>
  <div class='ocr_page' id='page_1' title='image "./tusculanarumdis00treggoog_0039.png"; bbox 0 0 2610 4634; ppageno 0'>
   <div class='ocr_carea' id='block_1_1' title="bbox 190 247 1027 308">
    <p class='ocr_par' dir='ltr' id='par_1_1' title="bbox 190 247 1027 308">
     <span class='ocr_line' id='line_1_1' title="bbox 190 247 1027 308; baseline -0.004 0"><span class='ocrx_word' id='word_1_1' title='bbox 190 247 215 308; x_wconf 79' lang='lat'><strong>8</strong></span> <span class='ocrx_word' id='word_1_2' title='bbox 409 254 637 306; x_wconf 75' lang='lat' dir='ltr'>rusconnn.</span> <span class='ocrx_word' id='word_1_3' title='bbox 671 253 1027 306; x_wconf 75' lang='lat' dir='ltr'>oisr‘ursrronun</span> 
     </span>
    </p>
   </div>
   <div class='ocr_carea' id='block_1_2' title="bbox 127 445 1232 2983">
    <p class='ocr_par' dir='ltr' id='par_1_2' title="bbox 154 445 1232 1273">
     <span class='ocr_line' id='line_1_2' title="bbox 193 445 1231 523; baseline 0 -16"><span class='ocrx_word' id='word_1_4' title='bbox 193 449 311 523; x_wconf 74' lang='lat' dir='ltr'>aliquid,</span> <span class='ocrx_word' id='word_1_5' title='bbox 332 464 425 505; x_wconf 75' lang='lat' dir='ltr'>nonnis</span> <span class='ocrx_word' id='word_1_6' title='bbox 447 445 651 521; x_wconf 78' lang='lat' dir='ltr'><strong>respondebis?</strong></span> <span class='ocrx_word' id='word_1_7' title='bbox 672 450 708 505; x_wconf 76' lang='lat' dir='ltr'>A.</span> <span class='ocrx_word' id='word_1_8' title='bbox 721 449 880 521; x_wconf 89' lang='lat' dir='ltr'>Superbum</span> <span class='ocrx_word' id='word_1_9' title='bbox 900 450 930 506; x_wconf 92' lang='lat' dir='ltr'>id</span> <span class='ocrx_word' id='word_1_10' title='bbox 952 450 1068 523; x_wconf 89' lang='lat' dir='ltr'>quidem</span> <span class='ocrx_word' id='word_1_11' title='bbox 1087 455 1148 522; x_wconf 77' lang='lat' dir='ltr'>est3</span> <span class='ocrx_word' id='word_1_12' title='bbox 1169 449 1231 522; x_wconf 84' lang='lat' dir='ltr'>sed,</span> 
     </span>
     <span class='ocr_line' id='line_1_3' title="bbox 182 555 1231 630; baseline 0 -17"><span class='ocrx_word' id='word_1_13' title='bbox 182 555 249 613; x_wconf 65' lang='lat' dir='ltr'>&#39;nisi</span> <span class='ocrx_word' id='word_1_14' title='bbox 270 555 337 630; x_wconf 88' lang='lat' dir='ltr'>quid</span> <span class='ocrx_word' id='word_1_15' title='bbox 360 573 475 613; x_wconf 86' lang='lat' dir='ltr'>necesse</span> <span class='ocrx_word' id='word_1_16' title='bbox 497 557 563 628; x_wconf 83' lang='lat' dir='ltr'>cn&#39;t,</span> <span class='ocrx_word' id='word_1_17' title='bbox 591 558 682 628; x_wconf 81' lang='lat' dir='ltr'>malo,</span> <span class='ocrx_word' id='word_1_18' title='bbox 705 573 762 612; x_wconf 90' lang='lat' dir='ltr'>non</span> <span class='ocrx_word' id='word_1_19' title='bbox 783 572 876 626; x_wconf 81' lang='lat' dir='ltr'>roges.</span> <span class='ocrx_word' id='word_1_20' title='bbox 920 557 971 612; x_wconf 84' lang='lat' dir='ltr'>lX.</span> <span class='ocrx_word' id='word_1_21' title='bbox 993 559 1034 615; x_wconf 89' lang='lat' dir='ltr'>M.</span> <span class='ocrx_word' id='word_1_22' title='bbox 1056 557 1160 614; x_wconf 80' lang='lat' dir='ltr'>Geram</span> <span class='ocrx_word' id='word_1_23' title='bbox 1181 557 1231 614; x_wconf 88' lang='lat' dir='ltr'>tibi</span> 
     </span>
     <span class='ocr_line' id='line_1_4' title="bbox 154 659 1232 738; baseline 0.002 -19"><span class='ocrx_word' id='word_1_24' title='bbox 154 659 160 666; x_wconf 72' lang='grc'>’</span> <span class='ocrx_word' id='word_1_25' title='bbox 194 680 301 719; x_wconf 85' lang='lat' dir='ltr'>morem</span> <span class='ocrx_word' id='word_1_26' title='bbox 322 669 350 721; x_wconf 89' lang='lat' dir='ltr'>et</span> <span class='ocrx_word' id='word_1_27' title='bbox 371 681 412 734; x_wconf 81' lang='lat' dir='ltr'>ea,</span> <span class='ocrx_word' id='word_1_28' title='bbox 436 680 507 735; x_wconf 82' lang='lat' dir='ltr'>quae</span> <span class='ocrx_word' id='word_1_29' title='bbox 528 663 582 736; x_wconf 83' lang='lat' dir='ltr'>uis,</span> <span class='ocrx_word' id='word_1_30' title='bbox 605 669 635 719; x_wconf 90' lang='lat' dir='ltr'>ut</span> <span class='ocrx_word' id='word_1_31' title='bbox 656 669 763 737; x_wconf 84' lang='lat' dir='ltr'>potero,</span> <span class='ocrx_word' id='word_1_32' title='bbox 786 663 946 736; x_wconf 74' lang='lat' dir='ltr'>explicam,-</span> <span class='ocrx_word' id='word_1_33' title='bbox 965 681 1016 720; x_wconf 84' lang='lat' dir='ltr'>ncc</span> <span class='ocrx_word' id='word_1_34' title='bbox 1037 669 1129 720; x_wconf 84' lang='lat' dir='ltr'>tumen</span> <span class='ocrx_word' id='word_1_35' title='bbox 1151 664 1232 738; x_wconf 85' lang='lat' dir='ltr'>quasi</span> 
     </span>
     <span class='ocr_line' id='line_1_5' title="bbox 193 770 1230 844; baseline 0.002 -18"><span class='ocrx_word' id='word_1_36' title='bbox 193 771 309 843; x_wconf 77' lang='lat' dir='ltr'>Pythius</span> <span class='ocrx_word' id='word_1_37' title='bbox 330 771 444 844; x_wconf 80' lang='lat' dir='ltr'>Apollo,</span> <span class='ocrx_word' id='word_1_38' title='bbox 467 777 540 826; x_wconf 81' lang='lat' dir='ltr'>certo</span> <span class='ocrx_word' id='word_1_39' title='bbox 561 776 591 827; x_wconf 90' lang='lat' dir='ltr'>ut</span> <span class='ocrx_word' id='word_1_40' title='bbox 612 771 667 826; x_wconf 88' lang='lat' dir='ltr'>siut</span> <span class='ocrx_word' id='word_1_41' title='bbox 687 776 714 827; x_wconf 87' lang='lat' dir='ltr'>et</span> <span class='ocrx_word' id='word_1_42' title='bbox 735 771 805 842; x_wconf 84' lang='lat' dir='ltr'>lixa,</span> <span class='ocrx_word' id='word_1_43' title='bbox 828 788 899 844; x_wconf 85' lang='lat' dir='ltr'>quae</span> <span class='ocrx_word' id='word_1_44' title='bbox 921 770 1028 844; x_wconf 82' lang='lat' dir='ltr'>dixero,</span> <span class='ocrx_word' id='word_1_45' title='bbox 1051 773 1102 828; x_wconf 88' lang='lat' dir='ltr'>sed</span> <span class='ocrx_word' id='word_1_46' title='bbox 1123 778 1154 827; x_wconf 92' lang='lat' dir='ltr'>ut</span> <span class='ocrx_word' id='word_1_47' title='bbox 1175 772 1230 828; x_wconf 90' lang='lat' dir='ltr'>bo·</span> 
     </span>
     <span class='ocr_line' id='line_1_6' title="bbox 193 877 1230 952; baseline 0.002 -18"><span class='ocrx_word' id='word_1_48' title='bbox 193 879 340 934; x_wconf 87' lang='lat' dir='ltr'>munculus</span> <span class='ocrx_word' id='word_1_49' title='bbox 362 893 433 933; x_wconf 87' lang='lat' dir='ltr'>unus</span> <span class='ocrx_word' id='word_1_50' title='bbox 456 894 472 933; x_wconf 91' lang='lat' dir='ltr'>e</span> <span class='ocrx_word' id='word_1_51' title='bbox 493 877 586 932; x_wconf 87' lang='lat' dir='ltr'>multis</span> <span class='ocrx_word' id='word_1_52' title='bbox 608 877 765 950; x_wconf 79' lang='lat' dir='ltr'>probabilia</span> <span class='ocrx_word' id='word_1_53' title='bbox 792 880 949 935; x_wconf 82' lang='lat' dir='ltr'>coniectura</span> <span class='ocrx_word' id='word_1_54' title='bbox 977 895 1108 952; x_wconf 85' lang='lat' dir='ltr'>sequens.</span> <span class='ocrx_word' id='word_1_55' title='bbox 1152 879 1230 936; x_wconf 79' lang='lat' dir='ltr'>Ultro</span> 
     </span>
     <span class='ocr_line' id='line_1_7' title="bbox 193 983 1229 1058; baseline 0.002 -18"><span class='ocrx_word' id='word_1_56' title='bbox 193 985 268 1041; x_wconf 86' lang='lat' dir='ltr'>euim</span> <span class='ocrx_word' id='word_1_57' title='bbox 290 1001 346 1056; x_wconf 90' lang='lat' dir='ltr'>quo</span> <span class='ocrx_word' id='word_1_58' title='bbox 369 983 541 1056; x_wconf 78' lang='lat' dir='ltr'>progrediar,</span> <span class='ocrx_word' id='word_1_59' title='bbox 566 1000 648 1055; x_wconf 84' lang='lat' dir='ltr'>quom</span> <span class='ocrx_word' id='word_1_60' title='bbox 670 991 699 1040; x_wconf 88' lang='lat' dir='ltr'>ut</span> <span class='ocrx_word' id='word_1_61' title='bbox 721 985 780 1040; x_wconf 87' lang='lat' dir='ltr'>ueri</span> <span class='ocrx_word' id='word_1_62' title='bbox 793 985 895 1042; x_wconf 78' lang='lat' dir='ltr'>similia</span> <span class='ocrx_word' id='word_1_63' title='bbox 911 985 1032 1056; x_wconf 81' lang='lat' dir='ltr'>uideam,</span> <span class='ocrx_word' id='word_1_64' title='bbox 1044 1002 1100 1042; x_wconf 91' lang='lat' dir='ltr'>non</span> <span class='ocrx_word' id='word_1_65' title='bbox 1119 984 1229 1058; x_wconf 80' lang='lat' dir='ltr'>babco;</span> 
     </span>
     <span class='ocr_line' id='line_1_8' title="bbox 193 1091 1228 1177; baseline 0.001 -29"><span class='ocrx_word' id='word_1_66' title='bbox 193 1098 267 1148; x_wconf 81' lang='lat' dir='ltr'>certo</span> <span class='ocrx_word' id='word_1_67' title='bbox 288 1092 380 1147; x_wconf 89' lang='lat' dir='ltr'>dicent</span> <span class='ocrx_word' id='word_1_68' title='bbox 402 1091 437 1164; x_wconf 85' lang='lat' dir='ltr'>ii,</span> <span class='ocrx_word' id='word_1_69' title='bbox 459 1091 508 1164; x_wconf 86' lang='lat' dir='ltr'>qui</span> <span class='ocrx_word' id='word_1_70' title='bbox 531 1097 558 1146; x_wconf 87' lang='lat' dir='ltr'>ot</span> <span class='ocrx_word' id='word_1_71' title='bbox 578 1091 684 1164; x_wconf 84' lang='lat' dir='ltr'>percipi</span> <span class='ocrx_word' id='word_1_72' title='bbox 712 1108 744 1147; x_wconf 88' lang='lat' dir='ltr'>ea</span> <span class='ocrx_word' id='word_1_73' title='bbox 765 1110 849 1164; x_wconf 88' lang='lat' dir='ltr'>posse</span> <span class='ocrx_word' id='word_1_74' title='bbox 871 1094 966 1149; x_wconf 87' lang='lat' dir='ltr'>dicunt</span> <span class='ocrx_word' id='word_1_75' title='bbox 986 1099 1013 1149; x_wconf 91' lang='lat' dir='ltr'>et</span> <span class='ocrx_word' id='word_1_76' title='bbox 1033 1110 1065 1177; x_wconf 73' lang='lat' dir='ltr'>se</span> <span class='ocrx_word' id='word_1_77' title='bbox 1087 1095 1228 1165; x_wconf 80' lang='lat' dir='ltr'>sepientes</span> 
     </span>
     <span class='ocr_line' id='line_1_9' title="bbox 192 1198 1228 1273; baseline 0.002 -17"><span class='ocrx_word' id='word_1_78' title='bbox 192 1215 256 1256; x_wconf 83' lang='lat' dir='ltr'>esse</span> <span class='ocrx_word' id='word_1_79' title='bbox 265 1200 435 1270; x_wconf 88' lang='lat' dir='ltr'>profitentur.</span> <span class='ocrx_word' id='word_1_80' title='bbox 458 1198 492 1254; x_wconf 84' lang='lat' dir='ltr'>A.</span> <span class='ocrx_word' id='word_1_81' title='bbox 501 1199 553 1272; x_wconf 77' lang='lat' dir='ltr'>Tu,</span> <span class='ocrx_word' id='word_1_82' title='bbox 563 1204 593 1254; x_wconf 94' lang='lat' dir='ltr'>ut</span> <span class='ocrx_word' id='word_1_83' title='bbox 603 1199 728 1271; x_wconf 83' lang='lat' dir='ltr'>uidetur;</span> <span class='ocrx_word' id='word_1_84' title='bbox 736 1216 787 1255; x_wconf 90' lang='lat' dir='ltr'>nos</span> <span class='ocrx_word' id='word_1_85' title='bbox 799 1199 833 1256; x_wconf 82' lang='lat' dir='ltr'>nd</span> <span class='ocrx_word' id='word_1_86' title='bbox 844 1199 1012 1256; x_wconf 80' lang='lat' dir='ltr'>audiendum</span> <span class='ocrx_word' id='word_1_87' title='bbox 1019 1202 1106 1273; x_wconf 81' lang='lat' dir='ltr'>parati</span> <span class='ocrx_word' id='word_1_88' title='bbox 1118 1216 1228 1258; x_wconf 86' lang='lat' dir='ltr'>sumus.</span> 
     </span>
    </p>

    <p class='ocr_par' dir='ltr' id='par_1_3' title="bbox 187 1303 1229 2326">
     <span class='ocr_line' id='line_1_10' title="bbox 279 1303 1227 1381; baseline 0.002 -19"><span class='ocrx_word' id='word_1_89' title='bbox 279 1303 328 1363; x_wconf 89' lang='grc'>18.</span> <span class='ocrx_word' id='word_1_90' title='bbox 350 1307 390 1363; x_wconf 88' lang='grc' dir='ltr'>Μ.</span> <span class='ocrx_word' id='word_1_91' title='bbox 403 1306 481 1363; x_wconf 87' lang='lat' dir='ltr'>Mors</span> <span class='ocrx_word' id='word_1_92' title='bbox 498 1305 582 1376; x_wconf 85' lang='lat' dir='ltr'>igitur</span> <span class='ocrx_word' id='word_1_93' title='bbox 602 1306 673 1379; x_wconf 83' lang='lat' dir='ltr'>ipsa,</span> <span class='ocrx_word' id='word_1_94' title='bbox 696 1324 766 1379; x_wconf 84' lang='lat' dir='ltr'>quae</span> <span class='ocrx_word' id='word_1_95' title='bbox 789 1307 900 1364; x_wconf 92' lang='lat' dir='ltr'>uidetur</span> <span class='ocrx_word' id='word_1_96' title='bbox 921 1307 1063 1364; x_wconf 85' lang='lat' dir='ltr'>notissima</span> <span class='ocrx_word' id='word_1_97' title='bbox 1085 1324 1131 1364; x_wconf 93' lang='lat' dir='ltr'>res</span> <span class='ocrx_word' id='word_1_98' title='bbox 1153 1324 1227 1381; x_wconf 80' lang='lat' dir='ltr'>esse,</span> 
     </span>
     <span class='ocr_line' id='line_1_11' title="bbox 191 1412 1227 1488; baseline 0.004 -21"><span class='ocrx_word' id='word_1_99' title='bbox 191 1412 259 1485; x_wconf 86' lang='lat' dir='ltr'>quid</span> <span class='ocrx_word' id='word_1_100' title='bbox 287 1412 337 1486; x_wconf 79' lang='lat' dir='ltr'>sit,</span> <span class='ocrx_word' id='word_1_101' title='bbox 371 1413 491 1485; x_wconf 91' lang='lat' dir='ltr'>primum</span> <span class='ocrx_word' id='word_1_102' title='bbox 519 1419 562 1469; x_wconf 88' lang='lat' dir='ltr'>est</span> <span class='ocrx_word' id='word_1_103' title='bbox 588 1413 748 1470; x_wconf 89' lang='lat' dir='ltr'>uidendum.</span> <span class='ocrx_word' id='word_1_104' title='bbox 793 1415 863 1471; x_wconf 84' lang='lat' dir='ltr'><strong>Sunt</strong></span> <span class='ocrx_word' id='word_1_105' title='bbox 883 1415 974 1488; x_wconf 84' lang='lat' dir='ltr'>enim,</span> <span class='ocrx_word' id='word_1_106' title='bbox 1001 1414 1050 1487; x_wconf 86' lang='lat' dir='ltr'>qui</span> <span class='ocrx_word' id='word_1_107' title='bbox 1072 1414 1227 1471; x_wconf 81' lang='lat' dir='ltr'>discessum</span> 
     </span>
     <span class='ocr_line' id='line_1_12' title="bbox 190 1519 1227 1594; baseline 0.001 -18"><span class='ocrx_word' id='word_1_108' title='bbox 190 1519 275 1576; x_wconf 77' lang='lat' dir='ltr'>animi</span> <span class='ocrx_word' id='word_1_109' title='bbox 297 1537 313 1576; x_wconf 79' lang='lat' dir='ltr'>a</span> <span class='ocrx_word' id='word_1_110' title='bbox 334 1537 452 1592; x_wconf 89' lang='lat' dir='ltr'>corpore</span> <span class='ocrx_word' id='word_1_111' title='bbox 473 1526 571 1592; x_wconf 90' lang='lat' dir='ltr'>putent</span> <span class='ocrx_word' id='word_1_112' title='bbox 598 1538 660 1578; x_wconf 88' lang='lat' dir='ltr'>esse</span> <span class='ocrx_word' id='word_1_113' title='bbox 682 1527 816 1591; x_wconf 82' lang='lat' dir='ltr'>mortem3</span> <span class='ocrx_word' id='word_1_114' title='bbox 846 1529 924 1594; x_wconf 82' lang='lat' dir='ltr'>sunt,</span> <span class='ocrx_word' id='word_1_115' title='bbox 947 1521 997 1594; x_wconf 78' lang='lat' dir='ltr'>qui</span> <span class='ocrx_word' id='word_1_116' title='bbox 1024 1524 1132 1578; x_wconf 90' lang='lat' dir='ltr'>nullum</span> <span class='ocrx_word' id='word_1_117' title='bbox 1160 1539 1227 1577; x_wconf 49' lang='lat' dir='ltr'>cen*</span> 
     </span>
     <span class='ocr_line' id='line_1_13' title="bbox 190 1627 1225 1701; baseline 0.001 -18"><span class='ocrx_word' id='word_1_118' title='bbox 190 1633 269 1683; x_wconf 75' lang='lat' dir='ltr'>seiont</span> <span class='ocrx_word' id='word_1_119' title='bbox 289 1628 351 1684; x_wconf 89' lang='lat' dir='ltr'>fleri</span> <span class='ocrx_word' id='word_1_120' title='bbox 372 1627 535 1701; x_wconf 85' lang='lat' dir='ltr'>discessum,</span> <span class='ocrx_word' id='word_1_121' title='bbox 559 1629 608 1684; x_wconf 91' lang='lat' dir='ltr'>sed</span> <span class='ocrx_word' id='word_1_122' title='bbox 629 1645 684 1684; x_wconf 81' lang='lat' dir='ltr'>una</span> <span class='ocrx_word' id='word_1_123' title='bbox 705 1630 827 1685; x_wconf 84' lang='lat' dir='ltr'>animum</span> <span class='ocrx_word' id='word_1_124' title='bbox 849 1635 877 1684; x_wconf 89' lang='lat' dir='ltr'>et</span> <span class='ocrx_word' id='word_1_125' title='bbox 898 1645 999 1700; x_wconf 88' lang='lat' dir='ltr'>corpus</span> <span class='ocrx_word' id='word_1_126' title='bbox 1016 1629 1143 1685; x_wconf 90' lang='lat' dir='ltr'>occidere</span> <span class='ocrx_word' id='word_1_127' title='bbox 1165 1629 1225 1685; x_wconf 85' lang='lat' dir='ltr'>ani·</span> 
     </span>
     <span class='ocr_line' id='line_1_14' title="bbox 189 1734 1226 1808; baseline 0 -17"><span class='ocrx_word' id='word_1_128' title='bbox 189 1751 322 1806; x_wconf 86' lang='lat' dir='ltr'>mumque</span> <span class='ocrx_word' id='word_1_129' title='bbox 343 1734 371 1790; x_wconf 93' lang='lat' dir='ltr'>in</span> <span class='ocrx_word' id='word_1_130' title='bbox 393 1751 511 1807; x_wconf 90' lang='lat' dir='ltr'>corpore</span> <span class='ocrx_word' id='word_1_131' title='bbox 533 1734 665 1806; x_wconf 78' lang='lat' dir='ltr'>extingui.</span> <span class='ocrx_word' id='word_1_132' title='bbox 709 1735 763 1804; x_wconf 89' lang='lat' dir='ltr'>Qui</span> <span class='ocrx_word' id='word_1_133' title='bbox 793 1735 936 1792; x_wconf 86' lang='lat' dir='ltr'>discedere</span> <span class='ocrx_word' id='word_1_134' title='bbox 957 1737 1079 1796; x_wconf 83' lang='lat' dir='ltr'>animum</span> <span class='ocrx_word' id='word_1_135' title='bbox 1102 1742 1226 1808; x_wconf 81' lang='lat' dir='ltr'>censent⁷</span> 
     </span>
     <span class='ocr_line' id='line_1_15' title="bbox 190 1841 1229 1916; baseline 0.002 -20"><span class='ocrx_word' id='word_1_136' title='bbox 190 1842 237 1896; x_wconf 79' lang='lat' dir='ltr'>elii</span> <span class='ocrx_word' id='word_1_137' title='bbox 259 1841 347 1897; x_wconf 87' lang='lat' dir='ltr'>statim</span> <span class='ocrx_word' id='word_1_138' title='bbox 369 1841 509 1915; x_wconf 82' lang='lat' dir='ltr'>dissipari,</span> <span class='ocrx_word' id='word_1_139' title='bbox 531 1842 579 1898; x_wconf 80' lang='lat' dir='ltr'>alii</span> <span class='ocrx_word' id='word_1_140' title='bbox 601 1842 648 1898; x_wconf 90' lang='lat' dir='ltr'>diu</span> <span class='ocrx_word' id='word_1_141' title='bbox 670 1859 843 1915; x_wconf 81' lang='lat' dir='ltr'>permonere,</span> <span class='ocrx_word' id='word_1_142' title='bbox 865 1843 913 1899; x_wconf 79' lang='lat' dir='ltr'>alii</span> <span class='ocrx_word' id='word_1_143' title='bbox 935 1860 1056 1916; x_wconf 88' lang='lat' dir='ltr'>semper.</span> <span class='ocrx_word' id='word_1_144' title='bbox 1094 1842 1169 1911; x_wconf 88' lang='lat' dir='ltr'>Quid</span> <span class='ocrx_word' id='word_1_145' title='bbox 1191 1841 1229 1898; x_wconf 86' lang='lat' dir='ltr'>sit</span> 
     </span>
     <span class='ocr_line' id='line_1_16' title="bbox 188 1947 1225 2023; baseline 0.004 -21"><span class='ocrx_word' id='word_1_146' title='bbox 188 1964 273 2020; x_wconf 88' lang='lat' dir='ltr'>porro</span> <span class='ocrx_word' id='word_1_147' title='bbox 301 1947 362 2020; x_wconf 87' lang='lat' dir='ltr'>ipse</span> <span class='ocrx_word' id='word_1_148' title='bbox 389 1947 497 2005; x_wconf 85' lang='lat' dir='ltr'>animus</span> <span class='ocrx_word' id='word_1_149' title='bbox 529 1955 577 2005; x_wconf 84' lang='lat' dir='ltr'>out</span> <span class='ocrx_word' id='word_1_150' title='bbox 609 1949 657 2005; x_wconf 92' lang='lat' dir='ltr'>ubi</span> <span class='ocrx_word' id='word_1_151' title='bbox 687 1956 734 2006; x_wconf 79' lang='lat' dir='ltr'>out</span> <span class='ocrx_word' id='word_1_152' title='bbox 759 1951 849 2023; x_wconf 85' lang='lat' dir='ltr'>unde,</span> <span class='ocrx_word' id='word_1_153' title='bbox 883 1966 982 2021; x_wconf 81' lang='lat' dir='ltr'>magna</span> <span class='ocrx_word' id='word_1_154' title='bbox 1010 1949 1148 2005; x_wconf 88' lang='lat' dir='ltr'>dissensio</span> <span class='ocrx_word' id='word_1_155' title='bbox 1174 1954 1225 2006; x_wconf 87' lang='lat' dir='ltr'>est.</span> 
     </span>
     <span class='ocr_line' id='line_1_17' title="bbox 188 2054 1225 2131; baseline 0.002 -21"><span class='ocrx_word' id='word_1_156' title='bbox 188 2054 260 2111; x_wconf 78' lang='lat' dir='ltr'>Aliis</span> <span class='ocrx_word' id='word_1_157' title='bbox 282 2071 331 2110; x_wconf 89' lang='lat' dir='ltr'>cor</span> <span class='ocrx_word' id='word_1_158' title='bbox 356 2057 448 2126; x_wconf 91' lang='lat' dir='ltr'>ipsum</span> <span class='ocrx_word' id='word_1_159' title='bbox 477 2055 585 2112; x_wconf 83' lang='lat' dir='ltr'>animus</span> <span class='ocrx_word' id='word_1_160' title='bbox 613 2056 738 2129; x_wconf 83' lang='lat' dir='ltr'>uidetur,</span> <span class='ocrx_word' id='word_1_161' title='bbox 767 2074 802 2112; x_wconf 82' lang='lat' dir='ltr'>ex</span> <span class='ocrx_word' id='word_1_162' title='bbox 823 2073 880 2128; x_wconf 90' lang='lat' dir='ltr'>quo</span> <span class='ocrx_word' id='word_1_163' title='bbox 907 2058 1059 2131; x_wconf 84' lang='lat' dir='ltr'>excordes,</span> <span class='ocrx_word' id='word_1_164' title='bbox 1089 2058 1225 2113; x_wconf 87' lang='lat' dir='ltr'>uecordes</span> 
     </span>
     <span class='ocr_line' id='line_1_18' title="bbox 188 2163 1224 2238; baseline 0.001 -20"><span class='ocrx_word' id='word_1_165' title='bbox 188 2163 396 2235; x_wconf 76' lang='lat' dir='ltr'>concordesque</span> <span class='ocrx_word' id='word_1_166' title='bbox 418 2163 546 2218; x_wconf 85' lang='lat' dir='ltr'>dicuntur</span> <span class='ocrx_word' id='word_1_167' title='bbox 566 2169 594 2219; x_wconf 94' lang='lat' dir='ltr'>et</span> <span class='ocrx_word' id='word_1_168' title='bbox 615 2163 714 2220; x_wconf 77' lang='lat' dir='ltr'>Nasica</span> <span class='ocrx_word' id='word_1_169' title='bbox 735 2163 784 2220; x_wconf 89' lang='lat' dir='ltr'>ille</span> <span class='ocrx_word' id='word_1_170' title='bbox 805 2164 938 2238; x_wconf 82' lang='lat' dir='ltr'>prudens,</span> <span class='ocrx_word' id='word_1_171' title='bbox 961 2164 1005 2221; x_wconf 92' lang='lat' dir='ltr'>bis</span> <span class='ocrx_word' id='word_1_172' title='bbox 1027 2165 1137 2238; x_wconf 85' lang='lat' dir='ltr'>consul,</span> <span class='ocrx_word' id='word_1_173' title='bbox 1150 2165 1224 2221; x_wconf 86' lang='lat' dir='ltr'>Cor·</span> 
     </span>
     <span class='ocr_line' id='line_1_19' title="bbox 187 2270 329 2326; baseline -0.014 0"><span class='ocrx_word' id='word_1_174' title='bbox 187 2270 280 2326; x_wconf 92' lang='lat' dir='ltr'>culum</span> <span class='ocrx_word' id='word_1_175' title='bbox 302 2275 329 2324; x_wconf 89' lang='lat' dir='ltr'>et</span> 
     </span>
    </p>

    <p class='ocr_par' dir='ltr' id='par_1_4' title="bbox 127 2374 1227 2983">
     <span class='ocr_line' id='line_1_20' title="bbox 274 2374 998 2449; baseline 0.003 -17"><span class='ocrx_word' id='word_1_176' title='bbox 274 2381 381 2447; x_wconf 70' lang='lat' dir='ltr'>eyreyt&#39;e</span> <span class='ocrx_word' id='word_1_177' title='bbox 402 2381 533 2433; x_wconf 79' lang='lat' dir='ltr'>cordatos</span> <span class='ocrx_word' id='word_1_178' title='bbox 555 2379 647 2449; x_wconf 83' lang='lat' dir='ltr'>bomo,</span> <span class='ocrx_word' id='word_1_179' title='bbox 671 2383 749 2434; x_wconf 81' lang='lat' dir='ltr'>cotos</span> <span class='ocrx_word' id='word_1_180' title='bbox 770 2374 863 2433; x_wconf 78' lang='lat' dir='ltr'>delius</span> <span class='ocrx_word' id='word_1_181' title='bbox 886 2377 998 2435; x_wconf 73' lang='lat' dir='ltr'>Sestos.</span> 
     </span>
     <span class='ocr_line' id='line_1_21' title="bbox 127 2481 1224 2556; baseline -0.001 -14"><span class='ocrx_word' id='word_1_182' title='bbox 127 2551 135 2556; x_wconf 45' lang='grc'><strong>,</strong></span> <span class='ocrx_word' id='word_1_183' title='bbox 189 2481 239 2542; x_wconf 80' lang='grc'><strong>19.</strong></span> <span class='ocrx_word' id='word_1_184' title='bbox 260 2484 446 2556; x_wconf 89' lang='lat' dir='ltr'>Empedocles</span> <span class='ocrx_word' id='word_1_185' title='bbox 468 2483 591 2541; x_wconf 87' lang='lat' dir='ltr'>animum</span> <span class='ocrx_word' id='word_1_186' title='bbox 613 2500 676 2540; x_wconf 88' lang='lat' dir='ltr'>esse</span> <span class='ocrx_word' id='word_1_187' title='bbox 691 2491 786 2540; x_wconf 87' lang='lat' dir='ltr'>censet</span> <span class='ocrx_word' id='word_1_188' title='bbox 802 2485 879 2540; x_wconf 93' lang='lat' dir='ltr'>cordi</span> <span class='ocrx_word' id='word_1_189' title='bbox 897 2485 1032 2541; x_wconf 86' lang='lat' dir='ltr'>suiiusum</span> <span class='ocrx_word' id='word_1_190' title='bbox 1050 2484 1224 2556; x_wconf 77' lang='lat' dir='ltr'>sanguinem.</span> 
     </span>
     <span class='ocr_line' id='line_1_22' title="bbox 188 2591 1227 2665; baseline 0.003 -19"><span class='ocrx_word' id='word_1_191' title='bbox 188 2591 259 2647; x_wconf 80' lang='lat' dir='ltr'>Aliis</span> <span class='ocrx_word' id='word_1_192' title='bbox 280 2607 344 2662; x_wconf 83' lang='lat' dir='ltr'>pars</span> <span class='ocrx_word' id='word_1_193' title='bbox 367 2592 502 2664; x_wconf 80' lang='lat' dir='ltr'>quaedem</span> <span class='ocrx_word' id='word_1_194' title='bbox 523 2591 632 2648; x_wconf 90' lang='lat' dir='ltr'>cerebri</span> <span class='ocrx_word' id='word_1_195' title='bbox 652 2591 713 2647; x_wconf 86' lang='lat' dir='ltr'>uisa</span> <span class='ocrx_word' id='word_1_196' title='bbox 735 2597 777 2647; x_wconf 88' lang='lat' dir='ltr'>est</span> <span class='ocrx_word' id='word_1_197' title='bbox 803 2592 887 2648; x_wconf 83' lang='lat' dir='ltr'>animi</span> <span class='ocrx_word' id='word_1_198' title='bbox 915 2592 1098 2665; x_wconf 80' lang='lat' dir='ltr'>principatum</span> <span class='ocrx_word' id='word_1_199' title='bbox 1119 2599 1227 2650; x_wconf 77' lang='lat' dir='ltr'>tenere.-</span> 
     </span>
     <span class='ocr_line' id='line_1_23' title="bbox 186 2697 1226 2772; baseline 0.002 -18"><span class='ocrx_word' id='word_1_200' title='bbox 186 2697 258 2754; x_wconf 82' lang='lat' dir='ltr'>dliis</span> <span class='ocrx_word' id='word_1_201' title='bbox 280 2716 332 2754; x_wconf 89' lang='lat' dir='ltr'>nec</span> <span class='ocrx_word' id='word_1_202' title='bbox 352 2715 402 2755; x_wconf 92' lang='lat' dir='ltr'>cor</span> <span class='ocrx_word' id='word_1_203' title='bbox 422 2699 513 2771; x_wconf 87' lang='lat' dir='ltr'>ipsum</span> <span class='ocrx_word' id='word_1_204' title='bbox 535 2700 627 2772; x_wconf 84' lang='lat' dir='ltr'>placet</span> <span class='ocrx_word' id='word_1_205' title='bbox 651 2716 702 2754; x_wconf 91' lang='lat' dir='ltr'>nec</span> <span class='ocrx_word' id='word_1_206' title='bbox 724 2700 831 2756; x_wconf 86' lang='lat' dir='ltr'>cerebri</span> <span class='ocrx_word' id='word_1_207' title='bbox 859 2700 998 2772; x_wconf 79' lang='lat' dir='ltr'>quandam</span> <span class='ocrx_word' id='word_1_208' title='bbox 1024 2705 1131 2771; x_wconf 82' lang='lat' dir='ltr'>portem</span> <span class='ocrx_word' id='word_1_209' title='bbox 1160 2714 1226 2756; x_wconf 77' lang='lat' dir='ltr'>esse</span> 
     </span>
     <span class='ocr_line' id='line_1_24' title="bbox 185 2805 1225 2879; baseline -0.001 -17"><span class='ocrx_word' id='word_1_210' title='bbox 185 2805 326 2879; x_wconf 78' lang='lat' dir='ltr'>onimum3</span> <span class='ocrx_word' id='word_1_211' title='bbox 345 2807 392 2862; x_wconf 93' lang='lat' dir='ltr'>sed</span> <span class='ocrx_word' id='word_1_212' title='bbox 415 2806 463 2862; x_wconf 84' lang='lat' dir='ltr'>olii</span> <span class='ocrx_word' id='word_1_213' title='bbox 484 2807 512 2862; x_wconf 92' lang='lat' dir='ltr'>in</span> <span class='ocrx_word' id='word_1_214' title='bbox 534 2807 628 2877; x_wconf 79' lang='lat' dir='ltr'>corde,</span> <span class='ocrx_word' id='word_1_215' title='bbox 648 2806 695 2861; x_wconf 83' lang='lat' dir='ltr'>olii</span> <span class='ocrx_word' id='word_1_216' title='bbox 716 2806 745 2861; x_wconf 91' lang='lat' dir='ltr'>in</span> <span class='ocrx_word' id='word_1_217' title='bbox 767 2807 883 2863; x_wconf 86' lang='lat' dir='ltr'>cerebro</span> <span class='ocrx_word' id='word_1_218' title='bbox 905 2806 1033 2863; x_wconf 86' lang='lat' dir='ltr'>dixerunt</span> <span class='ocrx_word' id='word_1_219' title='bbox 1054 2805 1139 2862; x_wconf 83' lang='lat' dir='ltr'>animi</span> <span class='ocrx_word' id='word_1_220' title='bbox 1160 2822 1225 2862; x_wconf 84' lang='lat' dir='ltr'>esse</span> 
     </span>
     <span class='ocr_line' id='line_1_25' title="bbox 186 2912 1221 2983; baseline -0.001 -14"><span class='ocrx_word' id='word_1_221' title='bbox 186 2913 283 2969; x_wconf 85' lang='lat' dir='ltr'>sedem</span> <span class='ocrx_word' id='word_1_222' title='bbox 305 2918 332 2967; x_wconf 89' lang='lat' dir='ltr'>et</span> <span class='ocrx_word' id='word_1_223' title='bbox 353 2914 455 2970; x_wconf 89' lang='lat' dir='ltr'>locum.</span> <span class='ocrx_word' id='word_1_224' title='bbox 498 2912 633 2968; x_wconf 79' lang='lat' dir='ltr'>Animum</span> <span class='ocrx_word' id='word_1_225' title='bbox 654 2917 745 2968; x_wconf 83' lang='lat' dir='ltr'>autem</span> <span class='ocrx_word' id='word_1_226' title='bbox 766 2913 813 2969; x_wconf 77' lang='lat' dir='ltr'>elii</span> <span class='ocrx_word' id='word_1_227' title='bbox 835 2913 969 2983; x_wconf 72' lang='lat' dir='ltr'>animam,</span> <span class='ocrx_word' id='word_1_228' title='bbox 992 2919 1023 2968; x_wconf 90' lang='lat' dir='ltr'>ut</span> <span class='ocrx_word' id='word_1_229' title='bbox 1044 2913 1103 2969; x_wconf 88' lang='lat' dir='ltr'>iere</span> <span class='ocrx_word' id='word_1_230' title='bbox 1124 2912 1221 2968; x_wconf 82' lang='lat' dir='ltr'>nostri.</span> 
     </span>
    </p>
   </div>
   <div class='ocr_carea' id='block_1_3' title="bbox 185 3014 1224 3522">
    <p class='ocr_par' dir='ltr' id='par_1_5' title="bbox 185 3014 1224 3522">
     <span class='ocr_line' id='line_1_26' title="bbox 186 3014 1224 3098; baseline 0.001 -23"><span class='ocrx_word' id='word_1_231' title='bbox 186 3019 316 3075; x_wconf 82' lang='lat' dir='ltr'>Declarat</span> <span class='ocrx_word' id='word_1_232' title='bbox 337 3035 454 3091; x_wconf 82' lang='lat' dir='ltr'>nomen3</span> <span class='ocrx_word' id='word_1_233' title='bbox 482 3035 547 3075; x_wconf 82' lang='lat' dir='ltr'>nom</span> <span class='ocrx_word' id='word_1_234' title='bbox 574 3025 602 3075; x_wconf 89' lang='lat' dir='ltr'>et</span> <span class='ocrx_word' id='word_1_235' title='bbox 628 3036 711 3090; x_wconf 81' lang='lat' dir='ltr'>ogero</span> <span class='ocrx_word' id='word_1_236' title='bbox 731 3019 853 3077; x_wconf 81' lang='lat' dir='ltr'>animem</span> <span class='ocrx_word' id='word_1_237' title='bbox 874 3026 901 3076; x_wconf 81' lang='lat' dir='ltr'>et</span> <span class='ocrx_word' id='word_1_238' title='bbox 922 3020 1018 3076; x_wconf 79' lang='lat' dir='ltr'>eillare</span> <span class='ocrx_word' id='word_1_239' title='bbox 1038 3019 1154 3076; x_wconf 90' lang='lat' dir='ltr'>dicimus</span> <span class='ocrx_word' id='word_1_240' title='bbox 1178 3014 1224 3098; x_wconf 91' lang='lat' dir='ltr'>[ot</span> 
     </span>
     <span class='ocr_line' id='line_1_27' title="bbox 186 3119 1223 3202; baseline 0.003 -21"><span class='ocrx_word' id='word_1_241' title='bbox 186 3124 326 3182; x_wconf 77' lang='lat' dir='ltr'>animosos</span> <span class='ocrx_word' id='word_1_242' title='bbox 349 3131 376 3181; x_wconf 91' lang='lat' dir='ltr'>et</span> <span class='ocrx_word' id='word_1_243' title='bbox 396 3125 467 3182; x_wconf 88' lang='lat' dir='ltr'>bene</span> <span class='ocrx_word' id='word_1_244' title='bbox 489 3126 623 3182; x_wconf 83' lang='lat' dir='ltr'>animatos</span> <span class='ocrx_word' id='word_1_245' title='bbox 645 3133 672 3182; x_wconf 89' lang='lat' dir='ltr'>et</span> <span class='ocrx_word' id='word_1_246' title='bbox 694 3145 728 3183; x_wconf 82' lang='lat' dir='ltr'>ex</span> <span class='ocrx_word' id='word_1_247' title='bbox 749 3127 833 3183; x_wconf 80' lang='lat' dir='ltr'>animi</span> <span class='ocrx_word' id='word_1_248' title='bbox 855 3119 1020 3202; x_wconf 80' lang='lat' dir='ltr'>sententia];</span> <span class='ocrx_word' id='word_1_249' title='bbox 1047 3127 1108 3199; x_wconf 90' lang='lat' dir='ltr'>ipsc</span> <span class='ocrx_word' id='word_1_250' title='bbox 1130 3133 1223 3184; x_wconf 78' lang='lat' dir='ltr'>autem</span> 
     </span>
     <span class='ocr_line' id='line_1_28' title="bbox 186 3231 1221 3305; baseline 0.002 -16"><span class='ocrx_word' id='word_1_251' title='bbox 186 3233 294 3289; x_wconf 83' lang='lat' dir='ltr'>enimus</span> <span class='ocrx_word' id='word_1_252' title='bbox 316 3233 351 3288; x_wconf 81' lang='lat' dir='ltr'>ob</span> <span class='ocrx_word' id='word_1_253' title='bbox 374 3231 464 3297; x_wconf 79' lang='lat' dir='ltr'>anima</span> <span class='ocrx_word' id='word_1_254' title='bbox 485 3232 573 3289; x_wconf 86' lang='lat' dir='ltr'>dictus</span> <span class='ocrx_word' id='word_1_255' title='bbox 596 3239 645 3289; x_wconf 82' lang='lat' dir='ltr'>est.</span> <span class='ocrx_word' id='word_1_256' title='bbox 679 3235 784 3290; x_wconf 82' lang='lat' dir='ltr'>Zenoni</span> <span class='ocrx_word' id='word_1_257' title='bbox 798 3235 891 3291; x_wconf 89' lang='lat' dir='ltr'>Stoico</span> <span class='ocrx_word' id='word_1_258' title='bbox 914 3235 1022 3290; x_wconf 80' lang='lat' dir='ltr'>enimus</span> <span class='ocrx_word' id='word_1_259' title='bbox 1044 3234 1116 3305; x_wconf 79' lang='lat' dir='ltr'>ignis</span> <span class='ocrx_word' id='word_1_260' title='bbox 1138 3233 1221 3291; x_wconf 83' lang='lat' dir='ltr'>uide·</span> 
     </span>
     <span class='ocr_line' id='line_1_29' title="bbox 186 3339 1221 3416; baseline -0.001 -19"><span class='ocrx_word' id='word_1_261' title='bbox 186 3345 239 3398; x_wconf 87' lang='lat' dir='ltr'>tur.</span> <span class='ocrx_word' id='word_1_262' title='bbox 272 3339 309 3396; x_wconf 84' lang='lat' dir='ltr'>X.</span> <span class='ocrx_word' id='word_1_263' title='bbox 332 3340 388 3395; x_wconf 87' lang='lat' dir='ltr'>Sed</span> <span class='ocrx_word' id='word_1_264' title='bbox 409 3339 477 3395; x_wconf 83' lang='lat' dir='ltr'>boec</span> <span class='ocrx_word' id='word_1_265' title='bbox 499 3340 622 3413; x_wconf 84' lang='lat' dir='ltr'>quidem,</span> <span class='ocrx_word' id='word_1_266' title='bbox 645 3357 716 3413; x_wconf 79' lang='lat' dir='ltr'>quoe</span> <span class='ocrx_word' id='word_1_267' title='bbox 739 3342 806 3413; x_wconf 81' lang='lat' dir='ltr'>dixi,</span> <span class='ocrx_word' id='word_1_268' title='bbox 820 3346 888 3413; x_wconf 76' lang='lat' dir='ltr'>cor,</span> <span class='ocrx_word' id='word_1_269' title='bbox 910 3342 1066 3413; x_wconf 83' lang='lat' dir='ltr'>cerebrum,</span> <span class='ocrx_word' id='word_1_270' title='bbox 1088 3341 1221 3416; x_wconf 78' lang='lat' dir='ltr'>animam,</span> 
     </span>
     <span class='ocr_line' id='line_1_30' title="bbox 185 3446 1222 3522; baseline 0 -18"><span class='ocrx_word' id='word_1_271' title='bbox 185 3447 290 3522; x_wconf 78' lang='lat' dir='ltr'>ignem,</span> <span class='ocrx_word' id='word_1_272' title='bbox 312 3449 415 3520; x_wconf 79' lang='lat' dir='ltr'>uulgo;</span> <span class='ocrx_word' id='word_1_273' title='bbox 437 3446 545 3521; x_wconf 79' lang='lat' dir='ltr'>reliqua</span> <span class='ocrx_word' id='word_1_274' title='bbox 565 3447 625 3504; x_wconf 82' lang='lat' dir='ltr'>iere</span> <span class='ocrx_word' id='word_1_275' title='bbox 646 3447 758 3519; x_wconf 81' lang='lat' dir='ltr'>singuli.</span> <span class='ocrx_word' id='word_1_276' title='bbox 789 3447 841 3507; x_wconf 67' lang='lat'>20.</span> <span class='ocrx_word' id='word_1_277' title='bbox 853 3448 888 3507; x_wconf 92' lang='lat' dir='ltr'>Ut</span> <span class='ocrx_word' id='word_1_278' title='bbox 904 3451 995 3505; x_wconf 84' lang='lat' dir='ltr'>multo</span> <span class='ocrx_word' id='word_1_279' title='bbox 1016 3453 1078 3505; x_wconf 81' lang='lat' dir='ltr'>ante</span> <span class='ocrx_word' id='word_1_280' title='bbox 1099 3453 1222 3520; x_wconf 71' lang='lat' dir='ltr'>ueteres,</span> 
     </span>
    </p>
   </div>
   <div class='ocr_carea' id='block_1_4' title="bbox 184 3685 1222 4093">
    <p class='ocr_par' dir='ltr' id='par_1_6' title="bbox 184 3685 1222 4093">
     <span class='ocr_line' id='line_1_31' title="bbox 255 3685 1222 3754; baseline 0.006 -20"><span class='ocrx_word' id='word_1_281' title='bbox 255 3685 295 3737; x_wconf 73' lang='lat'>17.</span> <span class='ocrx_word' id='word_1_282' title='bbox 313 3701 397 3740; x_wconf 88' lang='lat' dir='ltr'>nonne</span> <span class='ocrx_word' id='word_1_283' title='bbox 413 3685 496 3752; x_wconf 87' lang='lat' dir='ltr'>resp.)</span> <span class='ocrx_word' id='word_1_284' title='bbox 511 3704 561 3740; x_wconf 91' lang='lat' dir='ltr'>non</span> <span class='ocrx_word' id='word_1_285' title='bbox 579 3702 646 3752; x_wconf 86' lang='lat' dir='ltr'>resp.</span> <span class='ocrx_word' id='word_1_286' title='bbox 657 3689 689 3744; x_wconf 85' lang='lat'>0.</span> <span class='ocrx_word' id='word_1_287' title='bbox 725 3703 775 3741; x_wconf 89' lang='lat' dir='ltr'>non</span> <span class='ocrx_word' id='word_1_288' title='bbox 792 3687 881 3754; x_wconf 79' lang='lat' dir='ltr'>roges)</span> <span class='ocrx_word' id='word_1_289' title='bbox 899 3703 931 3740; x_wconf 91' lang='lat' dir='ltr'>ne</span> <span class='ocrx_word' id='word_1_290' title='bbox 948 3702 1023 3752; x_wconf 76' lang='lat' dir='ltr'>roges</span> <span class='ocrx_word' id='word_1_291' title='bbox 1040 3688 1071 3740; x_wconf 90' lang='lat'>0.</span> <span class='ocrx_word' id='word_1_292' title='bbox 1106 3690 1161 3740; x_wconf 85' lang='lat' dir='ltr'>ueri</span> <span class='ocrx_word' id='word_1_293' title='bbox 1179 3690 1222 3740; x_wconf 85' lang='lat' dir='ltr'>sl-</span> 
     </span>
     <span class='ocr_line' id='line_1_32' title="bbox 184 3770 1218 3836; baseline 0.007 -18"><span class='ocrx_word' id='word_1_294' title='bbox 184 3770 256 3819; x_wconf 89' lang='lat' dir='ltr'>milio</span> <span class='ocrx_word' id='word_1_295' title='bbox 274 3770 387 3836; x_wconf 75' lang='lat' dir='ltr'>uideam)</span> <span class='ocrx_word' id='word_1_296' title='bbox 405 3775 459 3822; x_wconf 90' lang='lat' dir='ltr'>ueri</span> <span class='ocrx_word' id='word_1_297' title='bbox 477 3775 530 3824; x_wconf 91' lang='lat' dir='ltr'>uid.</span> <span class='ocrx_word' id='word_1_298' title='bbox 548 3775 607 3825; x_wconf 89' lang='lat' dir='ltr'>sim.</span> <span class='ocrx_word' id='word_1_299' title='bbox 626 3774 658 3824; x_wconf 90' lang='lat'>0.</span> <span class='ocrx_word' id='word_1_300' title='bbox 696 3776 735 3827; x_wconf 83' lang='grc'><strong>18.</strong></span> <span class='ocrx_word' id='word_1_301' title='bbox 755 3777 897 3825; x_wconf 89' lang='lat' dir='ltr'>discessum</span> <span class='ocrx_word' id='word_1_302' title='bbox 918 3776 1013 3836; x_wconf 82' lang='lat' dir='ltr'>animi)</span> <span class='ocrx_word' id='word_1_303' title='bbox 1031 3777 1056 3828; x_wconf 90' lang='lat' dir='ltr'>d.</span> <span class='ocrx_word' id='word_1_304' title='bbox 1075 3776 1166 3825; x_wconf 75' lang='lat' dir='ltr'>enimse</span> <span class='ocrx_word' id='word_1_305' title='bbox 1185 3775 1218 3825; x_wconf 78' lang='lat' dir='ltr'>li.</span> 
     </span>
     <span class='ocr_line' id='line_1_33' title="bbox 184 3855 1220 3924; baseline 0.008 -21"><span class='ocrx_word' id='word_1_306' title='bbox 184 3855 283 3916; x_wconf 88' lang='lat' dir='ltr'>putent)</span> <span class='ocrx_word' id='word_1_307' title='bbox 302 3860 390 3916; x_wconf 83' lang='lat' dir='ltr'>putent</span> <span class='ocrx_word' id='word_1_308' title='bbox 406 3857 438 3906; x_wconf 80' lang='lat' dir='ltr'>li.</span> <span class='ocrx_word' id='word_1_309' title='bbox 474 3858 607 3920; x_wconf 86' lang='lat' dir='ltr'>uecordes)</span> <span class='ocrx_word' id='word_1_310' title='bbox 625 3861 754 3908; x_wconf 79' lang='lat' dir='ltr'>uecordes</span> <span class='ocrx_word' id='word_1_311' title='bbox 772 3859 804 3908; x_wconf 84' lang='lat' dir='ltr'>R.</span> <span class='ocrx_word' id='word_1_312' title='bbox 848 3858 890 3909; x_wconf 87' lang='lat'>19.</span> <span class='ocrx_word' id='word_1_313' title='bbox 910 3860 1028 3908; x_wconf 81' lang='lat' dir='ltr'>Deolorst</span> <span class='ocrx_word' id='word_1_314' title='bbox 1044 3857 1151 3924; x_wconf 86' lang='lat' dir='ltr'>nomen)</span> <span class='ocrx_word' id='word_1_315' title='bbox 1169 3861 1220 3911; x_wconf 92' lang='lat' dir='ltr'>de-</span> 
     </span>
     <span class='ocr_line' id='line_1_34' title="bbox 184 3940 1217 4008; baseline 0.008 -19"><span class='ocrx_word' id='word_1_316' title='bbox 184 3940 280 3990; x_wconf 70' lang='lat' dir='ltr'>clarent</span> <span class='ocrx_word' id='word_1_317' title='bbox 295 3953 388 3989; x_wconf 87' lang='lat' dir='ltr'>nomen</span> <span class='ocrx_word' id='word_1_318' title='bbox 406 3942 438 3991; x_wconf 84' lang='lat' dir='ltr'>ll.</span> <span class='ocrx_word' id='word_1_319' title='bbox 472 3944 602 3994; x_wconf 78' lang='lat' dir='ltr'>declarent</span> <span class='ocrx_word' id='word_1_320' title='bbox 626 3945 730 3994; x_wconf 89' lang='lat' dir='ltr'>nomine</span> <span class='ocrx_word' id='word_1_321' title='bbox 753 3943 784 3993; x_wconf 82' lang='lat'>0.</span> <span class='ocrx_word' id='word_1_322' title='bbox 820 3941 865 4006; x_wconf 85' lang='lat' dir='ltr'>[et</span> <span class='ocrx_word' id='word_1_323' title='bbox 885 3941 991 4008; x_wconf 85' lang='lat' dir='ltr'>sent.])</span> <span class='ocrx_word' id='word_1_324' title='bbox 1006 3946 1061 3995; x_wconf 67' lang='lat' dir='ltr'>m</span> <span class='ocrx_word' id='word_1_325' title='bbox 1081 3958 1141 3993; x_wconf 77' lang='lat' dir='ltr'>unc.</span> <span class='ocrx_word' id='word_1_326' title='bbox 1159 3944 1217 3997; x_wconf 80' lang='lat' dir='ltr'>Ro,</span> 
     </span>
     <span class='ocr_line' id='line_1_35' title="bbox 184 4023 1219 4093; baseline 0.005 -17"><span class='ocrx_word' id='word_1_327' title='bbox 184 4023 243 4085; x_wconf 80' lang='lat' dir='ltr'>eor)</span> <span class='ocrx_word' id='word_1_328' title='bbox 262 4024 323 4073; x_wconf 84' lang='lat' dir='ltr'>add.</span> <span class='ocrx_word' id='word_1_329' title='bbox 341 4026 490 4087; x_wconf 73' lang='lat' dir='ltr'>sanguinem</span> <span class='ocrx_word' id='word_1_330' title='bbox 512 4025 547 4077; x_wconf 85' lang='lat'>0.</span> <span class='ocrx_word' id='word_1_331' title='bbox 579 4027 623 4078; x_wconf 72' lang='lat'>2⁰.</span> <span class='ocrx_word' id='word_1_332' title='bbox 639 4028 722 4078; x_wconf 83' lang='lat' dir='ltr'>multo</span> <span class='ocrx_word' id='word_1_333' title='bbox 737 4026 816 4092; x_wconf 77' lang='lat' dir='ltr'>ente)</span> <span class='ocrx_word' id='word_1_334' title='bbox 831 4027 906 4076; x_wconf 82' lang='lat' dir='ltr'>multi</span> <span class='ocrx_word' id='word_1_335' title='bbox 923 4033 982 4078; x_wconf 76' lang='lat' dir='ltr'>cute</span> <span class='ocrx_word' id='word_1_336' title='bbox 1000 4029 1066 4093; x_wconf 59' lang='grc' dir='ltr'>ΒΟ.</span> <span class='ocrx_word' id='word_1_337' title='bbox 1100 4031 1142 4080; x_wconf 76' lang='lat' dir='ltr'>lto</span> <span class='ocrx_word' id='word_1_338' title='bbox 1159 4041 1219 4081; x_wconf 72' lang='lat' dir='ltr'>nm</span> 
     </span>
    </p>
   </div>
   <div class='ocr_carea' id='block_1_5' title="bbox 179 4114 379 4173">
    <p class='ocr_par' dir='ltr' id='par_1_7' title="bbox 179 4114 379 4173">
     <span class='ocr_line' id='line_1_36' title="bbox 179 4114 379 4173; baseline -0.015 -11"><span class='ocrx_word' id='word_1_339' title='bbox 179 4114 247 4163; x_wconf 63' lang='lat' dir='ltr'>noia</span> <span class='ocrx_word' id='word_1_340' title='bbox 261 4114 379 4173; x_wconf 70' lang='lat' dir='ltr'>merope.</span> 
     </span>
    </p>
   </div>
   <div class='ocr_carea' id='block_1_6' title="bbox 0 0 1310 4634">
    <p class='ocr_par' dir='ltr' id='par_1_8' title="bbox 0 0 1310 4634">
     <span class='ocr_line' id='line_1_37' title="bbox 0 0 1310 4634; baseline 0 3"><span class='ocrx_word' id='word_1_341' title='bbox 0 0 1310 4634; x_wconf 95' lang='lat' dir='ltr'> </span> 
     </span>
    </p>
   </div>
  </div>
 </body>
</html>
