2610 4634
198 234 240 298 18
389 212 1000 308 nuscuntunrsnursrronurr
1079 283 1089 291 -

188 436 342 530 'humidum
364 448 391 498 et
411 442 594 514 caliginosum
612 449 653 499 ast
670 449 785 517 propter
803 445 992 503 exhalationes
1010 452 1109 503 terrae.
1142 448 1232 517 Quam

196 547 339 618 regionem
362 534 448 621 quum
469 551 610 622 superauit
631 551 737 607 animus
759 557 939 626 naturamque
961 552 1004 610 sui
1025 554 1148 611 similem
1166 573 1233 614 eon·

196 652 259 725 tigit
280 661 308 711 et
327 656 451 730 agnouit,
474 637 573 714 iuuetis
596 674 631 714 ex
652 658 742 715 anima
763 658 839 716 tenui
860 666 888 718 et
908 676 943 717 ex
963 661 1064 718 ardore¹
1081 662 1150 720 solis
1163 668 1234 720 tem-

197 768 292 834 perato
314 763 425 833 ignibus
440 763 548 848 insistit
569 771 596 822 et
617 765 701 821 finem
722 767 804 824 altius
827 782 858 822 se
879 765 1012 825 efferendi
1034 768 1109 825 lacit.
1162 771 1235 828 Tum

197 868 272 926 enim
294 870 337 926 sui
359 869 478 926 similem
500 878 528 928 ct
548 872 686 929 leuitatem
705 879 732 930 ct
752 874 874 954 ¹calorem
895 874 1010 947 adeptus
1031 850 1164 950 tauquam
1185 893 1234 949 pa·

196 977 274 1032 ribus
297 975 465 1034 examinatus
486 966 658 1050 ponderibus
680 980 784 1035 nullam
804 980 834 1037 in
855 987 961 1054 partem
982 988 1123 1056 mouetur,
1146 981 1234 1057 eaque

197 1085 223 1141 ei
245 1087 357 1142 demum
378 1086 508 1142 naturalis
530 1091 572 1142 est
593 1087 684 1160 sedes,
708 1103 795 1159 quum
822 1090 858 1145 ad
888 1087 932 1143 sui
954 1087 1045 1145 simila
1067 1091 1234 1164 penetrauit,

197 1193 226 1250 iu
259 1209 315 1265 quo
342 1195 418 1251 nulla
445 1210 475 1249 re
502 1209 588 1264 egeus
615 1195 702 1250 aletur
732 1199 760 1250 ct
786 1195 982 1252 sustentabitur
1009 1195 1110 1252 iisdem
1139 1197 1234 1272 rebus,

197 1300 299 1373 quibus
322 1307 394 1358 astra
415 1306 599 1357 sustentantur
626 1307 655 1357 et
680 1303 800 1359 aluntur.
848 1299 900 1360 44.
929 1303 1078 1375 Quumque
1108 1304 1235 1377 eorporis

197 1406 304 1485 facibus
330 1407 493 1465 inflammari
522 1409 662 1465 soleamus
690 1408 725 1464 ad
753 1425 849 1466 omnes
878 1408 937 1466 fere
959 1408 1122 1481 cupiditates
1145 1427 1235 1485 eoque

198 1515 287 1586 magis
309 1511 430 1589 incendi,
453 1518 529 1589 quod
551 1514 584 1571 iis
609 1517 789 1597 aemulemur,
813 1515 862 1590 qui
884 1533 915 1572 ea
936 1516 1065 1590 habeant,
1088 1534 1160 1590 quae
1182 1534 1234 1575 nos

197 1621 301 1679 hahere
324 1624 488 1695 cupiamus:
507 1623 632 1695 profecto
655 1622 728 1678 beati
751 1620 868 1696 erimus,
893 1639 979 1695 quum
1000 1606 1174 1696 corporibus
1189 1641 1235 1681 re-

198 1730 269 1787 lictis
292 1735 319 1785 et
340 1730 518 1802 cupiditatum
540 1736 567 1786 et
584 1728 800 1786 aemulationum
816 1729 918 1786 erimus
936 1736 1078 1803 expertes3
1102 1732 1235 1804 quodque

197 1853 270 1892 nune
292 1835 422 1911 facimus,
457 1852 543 1909 quum
571 1836 653 1893 laxati
682 1815 897 1910 carissumus,
926 1842 958 1892 ut
984 1843 1107 1909 spectare
1130 1824 1234 1910 aliquid
1272 1884 1278 1891 ,

197 1943 316 2000 uelimus
339 1950 366 1999 et
386 1943 489 2017 uisere,
512 1942 540 2000 id
562 1945 648 2000 multo
671 1949 728 2000 tum
746 1942 878 2000 faciemus
897 1943 1022 2017 liberius,
1035 1951 1165 2017 totosque
1182 1961 1233 2001 uos

196 2051 225 2107 in
259 2050 481 2123 contemplandis
510 2050 594 2107 rebus
623 2049 878 2123 perspiciendisque
905 2044 1042 2122 ponemus
1074 2057 1233 2132 propterea,

198 2158 273 2232 quod
296 2164 322 2214 et
344 2164 440 2215 aratura
461 2157 532 2215 inest
559 2157 588 2214 in
610 2156 747 2214 mentibus
776 2157 878 2214 uostris
906 2156 1069 2215 insatiabilis
1089 2159 1233 2230 quaedam
1255 2174 1259 2182 ·

197 2264 332 2338 cupiditas
355 2266 416 2322 ueri
438 2264 561 2338 uidendi,
579 2270 606 2321 et
628 2281 692 2321 orae
714 2264 790 2336 ipsae
812 2265 938 2321 locorum
959 2265 1083 2338 illorum,
1097 2280 1156 2339 quo
1168 2282 1231 2337 per·

197 2373 366 2448 uenerimus‚
390 2390 445 2448 quo
467 2372 621 2454 faciliorem
639 2371 720 2427 nohis
736 2370 923 2441 cognitionem
945 2388 1038 2427 rerum
1060 2371 1231 2443 coelestium,

197 2499 231 2541 eo
252 2481 386 2538 maiorem
407 2478 594 2554 cognoscendi
616 2477 790 2551 cupiditatem
813 2479 924 2534 dabunt.
976 2473 1028 2534 45.
1059 2479 1137 2534 Haec
1159 2478 1231 2534 enim

196 2589 373 2666 pulchritudo
397 2589 478 2649 etiam
499 2589 529 2645 in
550 2586 631 2644 terris
653 2561 778 2658 patritam
792 2585 868 2642 illam
886 2590 914 2641 et
924 2584 1034 2657 auitam,
1047 2590 1078 2640 ut
1087 2585 1126 2642 ait
1137 2566 1230 2644 Theo.

197 2699 337 2773 phrastus‚
351 2695 555 2771 philosophiam
578 2692 744 2766 cognitionis
766 2690 913 2766 cupiditate
934 2692 1074 2747 incensam
1096 2691 1231 2749 excitauit.

196 2807 347 2878 Praecipue
369 2820 437 2863 uero
459 2803 585 2860 fruentur
606 2818 654 2874 ea,
687 2802 735 2872 qui
757 2807 816 2856 tum
837 2798 933 2871 etiam,
968 2814 1054 2871 quum
1075 2799 1124 2855 has
1146 2806 1231 2855 terras

196 2914 348 2972 incolentes
370 2908 530 2968 circumfusi
552 2914 629 2964 erant
651 2906 778 2980 caligine,
798 2912 888 2963 tamen
910 2904 968 2962 acie
986 2904 1083 2961 mentis
1096 2904 1231 2978 dispicere

196 3020 353 3092 cupiebant.
406 3019 470 3074 XX.
503 3015 614 3072 Etenim
644 3013 667 3072 si
696 3031 770 3071 nune
797 3012 903 3086 aliquid
931 3012 1041 3086 assequi
1069 3029 1098 3069 se
1126 3018 1231 3088 putant,

195 3127 243 3201 qui
270 3127 370 3185 ostium
381 3126 462 3183 Ponti
482 3125 613 3183 uiderunt
633 3128 661 3180 et
682 3138 728 3178 eas
750 3119 901 3193 angustias,
924 3137 976 3192 per
994 3136 1062 3193 quas
1079 3119 1233 3193 penetrauit

196 3254 239 3309 ea,
262 3252 333 3309 quae
355 3242 397 3293 est
418 3234 558 3292 nominata
578 3232 671 3313 Argo,
695 3229 759 3303 quia
779 3214 879 3300 Argiui
900 3227 929 3285 in
951 3243 984 3284 ea

353 3385 355 3392 r
407 3344 500 3401 delecti
521 3342 580 3398 utri

327 3451 402 3510 Uecti
419 3452 555 3525 petebant
566 3445 665 3521 pellent
685 3447 847 3502 inauratam
869 3446 983 3513 aneto,-

193 3567 240 3619 aut
264 3556 366 3635 ii‚,‘'qui
389 3558 495 3618 Oceani
515 3557 586 3615 freta
605 3553 653 3611 illa
675 3551 814 3625 uiderunt,

323 3668 470 3742 Europum
491 3666 662 3737 Libyamque
682 3677 776 3734 rapae
796 3660 845 3716 uhi
866 3660 968 3716 diuidit
988 3659 1084 3714 undo:

263 3859 369 3926 iunctis)
388 3863 531 3930 iunettsll„
549 3863 595 3913 sed
612 3873 678 3913 corr.
697 3860 726 3908 in
744 3858 853 3909 iunctus.
875 3853 947 3905 'Tum
965 3854 1049 3919 enim)
1065 3867 1144 3918 quum
1163 3855 1230 3904 enim

196 3944 227 3992 ll.
263 3945 294 3994 ad
313 3946 354 3995 sul
371 3947 472 4013 simile)
490 3952 521 4001 ad
540 3949 581 4001 sui
599 3946 711 3996 similem
730 3944 762 3994 u.
798 3938 905 4005 lisdem)
924 3940 1025 3990 hisdem
1042 3940 1074 3990 ll.
1115 3937 1157 3988 44.
1175 3939 1228 3988 ueri

195 4025 315 4092 uidendi)
332 4028 387 4078 ueri
405 4030 506 4083 uisendi
518 4031 549 4084 0.
580 4029 622 4082 45.
642 4027 773 4093 patritam)
790 4026 948 4088 stelione.
968 4023 1030 4074 161.
1049 4024 1154 4088 patriam
1172 4021 1228 4073 ΒΟ.

194 4109 298 4179 delecti)
316 4112 401 4165 dilecti
419 4113 450 4164 ll.
