2610 4634
425 293 503 338 trs.
527 268 565 336 Vss
606 293 688 337 cnr.
715 277 847 337 15-—tit
906 356 910 367 Ι
1106 274 1167 336 tut

129 497 196 539 cum
223 480 342 537 consilio
368 487 397 537 et
424 481 529 562 radone
558 488 696 553 pugnents
726 480 769 537 his
797 487 828 536 tu
855 485 911 537 tam
938 478 1071 551 grauibus
1100 494 1173 535 eon--

111 586 308 646 ‘citationibus
341 592 453 660 tamque
480 587 550 660 ipsis
578 587 651 644 inter
676 605 708 645 se
736 586 962 644 dissentientibus
992 591 1075 657 atque
1107 585 1168 642 dis·

128 695 225 752 tractis
247 710 331 767 quem
352 710 481 767 uacuum,
505 695 637 765 solutum,
659 693 778 750 liberum
795 693 911 763 uideris,
934 693 1007 749 bunc
1029 690 1168 748 dubitabis

130 801 244 858 beatum
258 798 376 857 dicere?
397 801 483 874 Atqui
495 799 606 872 sepiens
618 817 729 872 semper
741 799 779 855 its
791 799 904 857 allectus
916 806 973 872 est3
985 815 1096 870 semper
1113 797 1168 869 igi-

129 913 177 964 tur
188 907 403 979 sapiensbeatus
417 915 466 964 est
488 908 579 980 Atque
591 907 673 963 etiam
686 907 881 963 omnebonum
891 905 1085 977 laetabileest3
1093 904 1169 976 quod

131 1020 223 1070 autem
242 1013 379 1085 laetabile,
391 1013 419 1068 id
432 1015 647 1085 praedicundum
663 1020 690 1070 et
706 1030 773 1085 prae
792 1030 822 1069 se
837 1014 999 1085 ferendum3
1021 1012 1096 1084 quod
1113 1013 1168 1068 tale

86 1182 88 1188 ,
131 1127 235 1192 autern,
248 1120 277 1175 id
295 1119 377 1176 etiam
399 1119 570 1194 gloriosum
593 1123 616 1177 si
639 1137 707 1177 uero
730 1120 895 1191 gloriosum,
917 1127 991 1176 certe
1012 1118 1168 1189 laudabile3

131 1226 209 1301 quod
231 1226 371 1283 laudabile
392 1232 500 1298 autem,
529 1227 655 1298 prolecto
677 1227 759 1282 etiarn
781 1226 944 1300 honestum3
967 1225 1042 1298 quod
1060 1225 1170 1297 ,bonurn

130 1331 232 1405 igitur,
259 1332 289 1387 id
316 1332 472 1389 honestum.
521 1331 573 1390 ta.
605 1333 642 1389 tt
668 1349 740 1404 quae
767 1332 811 1388 isti
845 1333 918 1389 bona
945 1337 1104 1401 numerant,
1134 1347 1170 1387 ne

130 1439 186 1512 ipsi
213 1437 327 1511 quidem
354 1439 468 1495 bonestn
495 1438 597 1496 dicunt
649 1440 746 1495 Solum
773 1437 860 1509 igitur
880 1439 996 1510 bonum,
1019 1433 1095 1509 quod
1116 1436 1169 1493 bo·

131 1551 260 1618 nestum
293 1562 328 1600 ex
358 1561 414 1618 quo
444 1545 562 1601 edicitur
593 1544 736 1600 honestate
757 1561 811 1601 una
833 1544 919 1600 uitam
941 1526 1075 1600 contineri
1102 1544 1170 1599 bea·

132 1657 199 1710 tnm.
248 1651 311 1707 Nou
334 1658 399 1708 sunt
419 1651 504 1723 igitur
524 1669 557 1707 ea
578 1653 653 1707 bona
674 1650 789 1707 dicenda
816 1668 868 1706 uec
896 1651 1038 1720 habenda,
1067 1649 1170 1721 quibus

130 1757 318 1816 abundantem
328 1757 392 1814 licet
404 1774 466 1815 esse
476 1758 672 1814 miserrimum.
695 1755 746 1816 45.
755 1757 799 1813 An
817 1757 937 1830 dubitas,
947 1757 1015 1829 quin
1028 1762 1169 1828 praestans

92 1905 93 1910 η
130 1865 303 1936 ualetudine,
328 1862 447 1936 uiribus,
470 1864 569 1938 forma,
595 1864 736 1920 acerrimis
757 1863 1000 1941 integerrimisque
1029 1861 1170 1933 sensibus,

131 1970 205 2028 adde
225 1970 325 2043 etiam,
354 1973 378 2026 si
400 1971 485 2042 libet,
508 1972 699 2043 pernicitatem
721 1978 749 2028 et
770 1969 964 2043 uelocitatem,
987 1971 1021 2026 da
1043 1968 1170 2040 diuitias,

130 2077 263 2150 bonores,
285 2075 412 2149 imperia,
434 2093 519 2149 opes,
543 2079 678 2152 gloriam,
701 2077 895 2150 silueritis,
919 2077 968 2148 qui
988 2077 1057 2132 baec
1078 2075 1171 2145 babet,

130 2183 261 2254 iniustius,
275 2182 480 2255 intemperans,
503 2184 626 2257 timidus,
649 2184 743 2240 hebeti
765 2184 878 2254 ingenio
897 2182 1095 2254 atquenullo,
1117 2180 1170 2237 du·

130 2289 358 2348 tinniens-eum
383 2289 518 2347 miserum
539 2288 655 2347 dicere?
687 2290 786 2359 Qualia
807 2289 894 2360 igitur
918 2288 971 2344 ista
991 2288 1065 2343 bona
1087 2290 1170 2359 sunt,

131 2400 207 2470 quae
226 2394 277 2468 qui
296 2395 413 2470 lmbest,
445 2397 619 2454 miserrimus
652 2413 713 2454 esse
746 2393 857 2468 possit?
890 2395 1056 2466 Uidenmus,
1077 2409 1113 2448 ne
1142 2396 1172 2447 ut

131 2506 249 2560 aceruus
271 2503 372 2559 exsui
394 2503 504 2574 generis
526 2505 640 2578 grauis,
671 2504 711 2561 sic
732 2504 811 2560 beata
833 2503 888 2558 uita
911 2500 1011 2558 exsui
1033 2497 1171 2556 similibus

131 2609 354 2682 panibusettici
385 2610 494 2666 debeat.
537 2609 620 2679 Quod
642 2609 665 2665 si
688 2608 726 2665 ita
742 2616 816 2682 est,
829 2625 863 2665 ex
885 2606 978 2680 bonis,
1006 2614 1078 2679 quae
1111 2604 1172 2661 sola

130 2717 248 2774 honesta
269 2721 344 2788 sunt,-
366 2714 542 2773 efficiendum
564 2722 606 2772 cst
622 2717 750 2788 beatnm3
773 2733 805 2772 ea
826 2715 910 2771 mista
933 2728 967 2768 ex
988 2710 1171 2769 dissimilibus

132 2823 157 2880 si
179 2827 269 2895 erunt,
291 2823 439 2878 honestum
461 2839 496 2878 ex
514 2822 549 2879 iis
573 2822 646 2878 ellici
668 2821 736 2878 nilril
759 2822 939 2894 poterit,quo
961 2820 1082 2875 detractu
1104 2815 1172 2889 quid

132 2929 237 3003 poterit
253 2929 367 2985 ¹beatum
387 2926 527 3001 intelligi?
549 2929 660 2986 Etenim
678 2928 810 3002 quicquid
832 2934 883 3000 est,
902 2927 978 2998 quod
998 2926 1105 2981 bonum
1126 2921 1171 2994 sit,

133 3035 163 3092 id
185 3035 371 3107 expetendum
399 3042 457 3108 est3
485 3036 561 3109 quod
583 3043 674 3093 autem
696 3037 900 3107 expetendum,
923 3033 952 3091 id
974 3038 1047 3088 certe
1070 3045 1171 3102 appro-

132 3141 274 3215 bandum,
296 3141 452 3214 quoduero
470 3142 648 3215 approbaris,
660 3142 700 3197 ·id
719 3149 826 3213 gratum
844 3146 1044 3212 acceptumque
1066 3138 1171 3193 baben·

131 3248 220 3320 dumg
248 3264 316 3318 ergo
343 3247 426 3304 etiam
454 3249 576 3320 dignitas
596 3249 622 3303 ei
643 3247 790 3303 tribuenda
812 3248 881 3303 est.⁴
906 3246 989 3314 Quod
1011 3245 1035 3300 si
1057 3245 1094 3300 ita
1113 3248 1172 3313 est,

132 3353 273 3412 laudabile
302 3354 338 3410 sit
365 3366 481 3410 necesse
508 3359 565 3425 est,
594 3354 701 3408 bonum
729 3353 813 3424 igitur
835 3369 916 3408 omne
938 3349 1087 3408 laudabile.
1129 3348 1180 3410 Ex,

130 3476 190 3535 qun
211 3459 338 3532 edicitur,
360 3466 400 3534 ut,
423 3461 499 3532 qued
519 3458 556 3516 sit
577 3459 735 3530 honestum,
757 3458 785 3514 id
807 3457 843 3513 sit
864 3459 955 3513 sulum
977 3457 1091 3513 bonum.
1142 3498 1145 3503 <

219 3567 296 3623 xit.
319 3565 369 3624 46.
391 3567 474 3634 erod
495 3565 524 3621 ni
546 3565 584 3622 ita
604 3564 777 3637 tenebimus,
799 3565 885 3619 multa
906 3568 1004 3635 erunt,
1026 3576 1097 3632 quae
1120 3574 1172 3614 no·

130 3671 177 3729 bis
198 3672 272 3728 buna
295 3672 494 3745 dicenda‘siut3
516 3671 612 3728 omitto
632 3669 753 3743 diuities,
772 3685 840 3741 quas
863 3685 949 3740 quum
965 3666 1057 3741 quiuis
1075 3649 1172 3738 quamss

129 3778 177 3837 uis
196 3778 328 3850 indignus
357 3779 460 3835 babere
481 3778 580 3850 possit,
602 3778 631 3833 in
654 3776 733 3833 bonis
756 3793 812 3832 non
836 3792 968 3845 numer03
1001 3773 1076 3845 quod
1098 3770 1171 3826 enim

201 3946 305 4008 sepiens
322 3945 427 4010 bertus)
444 3947 534 3997 beatus
554 3947 585 3995 P.
610 3913 662 3994 44.
680 3923 819 4009 contineri)
838 3943 965 3993 continere
984 3942 1036 3991 ΒΡ.
1070 3940 1112 3992 45.
1130 3942 1175 3990 iu-

132 4028 343 4093 tsgsrrirnisque)
359 4029 514 4092 integrisque
531 4030 598 4081 Non.
613 4042 642 4090 p.
660 4026 731 4078 444.
750 4041 781 4079 er
800 4024 985 4092 dissimilibus)
1002 4026 1173 4079 dissimilibus

132 4114 162 4162 P.
198 4126 227 4164 es
245 4112 293 4177 iis)
309 4127 339 4164 es
356 4115 396 4164 bis
413 4113 492 4163 RPO.
527 4113 550 4163 ei
570 4112 714 4173 tribuente)
733 4111 865 4176 tribuenda
882 4111 912 4162 Ρ.
972 4155 980 4168 l
