2610 4634
197 269 239 332 56
408 276 638 331 ruscuuan.
671 266 1020 332 ursrurnr'rouun

197 475 296 532 doloro
317 474 443 551 corporis
463 475 548 550 uelit,
577 476 625 548 qui
653 476 780 532 dolorem
808 493 947 534 summum
968 478 1073 534 malum
1096 478 1151 536 sibi
1174 496 1239 537 esse

197 579 386 654 persuaserit?
408 585 499 652 Quam
519 600 604 655 porro
627 583 689 656 quis
711 582 908 656 ignominiam,
930 601 1014 657 quam
1036 585 1237 657 turpitudinem

196 707 252 746 uon
276 690 428 762 pertulerit,
451 695 481 745 ut
502 689 615 761 effugiat
636 690 771 762 dolorem,
795 691 819 746 si
840 690 870 746 id
890 706 1030 748 summum
1048 695 1155 748 malum
1173 710 1237 750 esse

197 793 373 853 decreuerit?
395 795 465 865 Quis
486 803 578 852 autem
600 813 656 852 nou
678 797 773 869 miser,
795 814 851 853 non
867 799 1045 870 modotunc,
1062 814 1150 871 quum
1171 818 1236 872 pre·

196 909 287 960 metur
308 903 425 959 summis
446 877 609 975 doloribus,
640 903 664 959 si
686 903 714 959 in
737 902 780 960 his
803 910 845 961 cst
873 921 1011 961 summum
1033 908 1155 979 malum,
1186 908 1236 963 sed

197 1010 279 1067 ctiam
300 1026 388 1082 quum
409 1010 477 1067 sciet
497 1010 526 1066 id
548 1009 602 1066 sibi
624 1026 708 1082 posse
730 1009 865 1067 euenire?
895 1011 1007 1084 etquis
1029 1018 1087 1086 cst,
1110 1015 1157 1070 cui
1180 1031 1237 1070 nou

195 1114 305 1189 possit?
333 1118 374 1173 lta
395 1118 439 1190 fii·
459 1123 488 1174 ut
510 1117 623 1174 omnino
646 1134 728 1174 nemo
751 1136 814 1175 esse
835 1118 924 1190 possit
946 1119 1053 1176 beatus.
1099 1121 1149 1179 17.
1173 1123 1236 1179 Me·

195 1224 326 1281 trodorus
348 1223 460 1297 quidem
481 1224 603 1296 perfecte
625 1242 689 1281 eum
711 1227 821 1282 beatam
848 1232 941 1298 putat,
969 1226 1014 1282 cui
1036 1242 1140 1298 eorpus
1163 1227 1237 1285 bene

196 1330 375 1387 constitutum
396 1330 434 1387 sit
454 1338 481 1388 et
502 1334 676 1404 exploratum
697 1333 733 1389 ita
755 1350 866 1406 semper
887 1333 958 1391 lore.
991 1332 1060 1402 Quis
1078 1340 1172 1390 autem
1193 1342 1238 1392 est

195 1437 257 1511 istc,
280 1438 326 1494 cui
347 1438 376 1494 id
398 1440 571 1511 exploratum
593 1440 681 1511 possit
701 1437 786 1495 esse?

281 1547 343 1602 Vll.
365 1545 503 1618 Epicurus
525 1563 593 1602 uero
616 1564 648 1603 ea
670 1547 745 1620 dicit,
768 1554 798 1602 ut
818 1546 886 1602 mihi
903 1546 1016 1618 quidem
1033 1547 1106 1604 risus
1124 1555 1237 1620 captare

195 1651 331 1708 uideatur.
373 1653 500 1710 Affirmat
522 1654 596 1710 enim
623 1654 744 1727 quodam
772 1655 851 1726 loeo,
880 1653 904 1709 si
933 1661 1027 1710 uratur
1053 1655 1182 1728 sapiens,
1211 1655 1236 1710 si

195 1759 349 1831 crucietur3
371 1766 498 1831 expectas
521 1760 654 1832 fortasse,
679 1763 744 1817 dum
766 1760 838 1817 dieat
858 1759 991 1832 patietur,
1014 1759 1153 1833 perferet,
1177 1779 1236 1819 non

196 1865 371 1936 succumbet;
392 1881 491 1936 magna
513 1867 672 1924 mehercule
693 1868 753 1924 laus
776 1873 803 1924 et
824 1885 858 1923 eo
880 1867 953 1939 ipso,
970 1884 1021 1939 per
1036 1884 1121 1939 quem
1133 1868 1236 1941 iuraui,

194 1973 317 2028 Hercule
338 1973 440 2046 digna3
462 1973 512 2029 sed
533 1975 673 2048 Epicuro,
700 1975 807 2031 homini
829 1991 928 2047 aspero
950 1981 977 2030 et
998 1974 1088 2048 duro,
1113 1991 1171 2030 uon
1194 1983 1238 2033 est

194 2079 248 2136 hoc
270 2078 350 2136 satis:
378 2081 408 2137 in
428 2081 584 2138 Phalaridis
605 2089 684 2138 tauro
707 2082 730 2138 si
753 2081 815 2156 erit,
837 2082 923 2139 dicct:
953 2082 1043 2151 Quam
1069 2098 1156 2138 suaue
1178 2085 1234 2140 estl

194 2203 278 2258 quam
300 2187 354 2244 hoc
374 2206 432 2245 nou
454 2191 536 2246 curol
561 2191 652 2246 Suaue
675 2187 778 2246 etiami
800 2207 834 2246 an
852 2195 1014 2261 parumcst,
1033 2189 1056 2244 si
1080 2206 1137 2245 non
1157 2206 1235 2246 ama-

194 2292 280 2350 rum?
301 2297 339 2352 ht
359 2296 388 2352 id
409 2296 523 2368 quidem
544 2297 585 2352 illi
607 2270 672 2370 ipsi,
695 2297 742 2370 qui
765 2297 892 2352 dolorem
913 2297 1017 2351 malum
1039 2313 1101 2351 esse
1119 2303 1234 2370 negant,

194 2418 251 2458 uon
274 2405 366 2459 solent
387 2403 489 2476 dicere,
513 2405 642 2477 cuiquam
664 2421 750 2460 suaue
772 2419 834 2460 esse
856 2403 987 2474 cmciari3
1011 2419 1152 2476 asperum,
1176 2404 1234 2459 dil-

194 2510 278 2583 licile,
301 2509 444 2584 odiosum,
467 2517 570 2568 contre
582 2519 705 2568 naturam
727 2511 822 2567 dicunt
841 2527 894 2565 nec
914 2517 1005 2566 tamen
1021 2512 1134 2567 malum.
1168 2511 1235 2586 llic,

195 2617 244 2690 qui
278 2619 369 2674 solum
400 2618 454 2674 hoc
492 2621 597 2675 malum
631 2619 697 2675 dicit
733 2619 936 2675 etmalorum
974 2616 1099 2673 omnium
1141 2625 1235 2675 extre·

195 2742 283 2797 mum,
305 2726 456 2798 sapientem
479 2734 573 2782 censet
593 2727 622 2783 id
644 2744 730 2783 suane
752 2726 897 2782 dicturum.
932 2722 982 2783 18.
1005 2725 1067 2794 Ego
1090 2741 1105 2780 a
1127 2731 1153 2780 tc
1177 2743 1236 2782 rron

195 2834 323 2905 postulo,
353 2840 383 2888 ut
410 2834 537 2889 dolorem
566 2833 671 2889 eisdem
692 2830 786 2886 uerbis
814 2830 935 2904 afficias,
958 2831 1060 2902 quihus
1081 2831 1234 2906 Epicurus,

195 2941 290 3011 homo,
313 2945 343 2996 ut
365 2939 429 3011 scis,
452 2940 634 3011 uoluptarius.
667 2939 719 2994 llle
741 2937 841 2994 dixerit
862 2954 929 2994 sanc
944 2938 1019 2993 idem
1038 2937 1066 2992 in
1079 2938 1236 2996 Phalaridis

195 3054 291 3118 tauro,
319 3046 410 3118 quod,
440 3045 464 3101 si
486 3053 560 3102 esset
582 3047 608 3101 in
630 3047 748 3115 lectulo;
782 3062 835 3116 ego
858 3051 959 3101 tantam
981 3045 1038 3100 uim
1062 3063 1118 3101 non
1140 3047 1235 3103 tribuo
1292 3117 1295 3121 ἱ

195 3142 348 3226 sapientiae
381 3158 474 3209 contra
502 3154 638 3210 dolorem.
693 3152 735 3209 Sit
760 3151 840 3208 sortis
867 3152 896 3208 in
923 3152 1108 3224 perferendo,
1137 3151 1235 3208 officio

195 3261 261 3317 satis
284 3268 340 3334 est;
362 3268 393 3317 ut
414 3263 529 3317 laetetur
551 3261 643 3332 ctiam,
666 3277 721 3316 non
744 3262 865 3333 postulo.
905 3259 1005 3315 Tristis
1028 3258 1102 3314 enim
1124 3275 1169 3314 res
1193 3267 1236 3318 est

195 3368 256 3424 sine
278 3368 374 3437 dubio,
397 3385 504 3441 aspera,
527 3385 629 3438 amara,
651 3367 762 3424 inimica
784 3374 906 3440 naturae,
929 3368 962 3423 ad
981 3366 1139 3439 patiendum
1161 3368 1234 3431 tole-,

195 3478 368 3549 randumque
382 3475 513 3532 difficilis.
552 3473 601 3533 19.
619 3475 722 3546 Aspice
743 3475 935 3547 Philoctetam,
958 3473 1002 3529 cui
1026 3473 1235 3529 concedendum

197 3590 239 3640 est
260 3584 400 3655 gementi3
428 3584 521 3656 ipsum
550 3583 624 3640 enirn
649 3583 800 3638 Herculem
822 3581 930 3637 uiderat
951 3580 979 3636 in
1003 3579 1073 3636 Oeta
1095 3581 1234 3651 magnitu-

193 3774 499 3788 -ufi-u-——c———q

263 3878 364 3935 etquis
383 3876 436 3940 est)
454 3883 479 3925 et
495 3877 517 3926 si
536 3877 595 3938 quis
613 3878 693 3927 estR.
730 3877 768 3926 17.
784 3877 885 3927 beatum
905 3873 989 3936 putat)
1007 3886 1031 3934 p.
1052 3873 1075 3924 h.
1087 3873 1118 3922 Ο.
1152 3885 1234 3922 suaue

198 3955 247 4016 ost)
266 3969 346 4007 suane
364 3967 404 4009 ost
422 3963 468 4010 hoc
486 3961 540 4011 Ro.
581 3962 616 4010 18.
636 3961 777 4026 Epicurus)
794 3962 841 4023 Ep.
861 3962 1017 4021 uoluptatem
1035 3959 1068 4008 R.
1103 3957 1150 4019 Ep.
1170 3956 1236 4020 [uo-

197 4042 332 4106 luptatem]
355 4043 387 4096 0.
423 4043 575 4110 sapientiae)
592 4048 700 4107 sapienti
720 4046 752 4096 0.
790 4047 830 4097 Sit
847 4042 935 4108 tortis]
952 4044 975 4093 si
996 4045 1058 4094 lorte
1069 4045 1099 4092 ll.
1134 4042 1236 4106 officio)

106 4182 108 4189 ,
196 4128 273 4177 oman
293 4129 323 4177 n.
