2610 4634
205 289 266 351 132
419 303 1038 352 rasennamorsrnrnrronnn

200 495 349 552 immanem
371 495 482 551 belnam
505 493 818 566 fugiendam-diximus,
842 511 898 551 non
921 494 982 552 sine
1004 511 1109 567 magna
1130 474 1243 556 utilitate

201 618 217 657 a
239 609 334 658 natura
356 602 453 658 dicunt
472 603 657 667 constitutam,
679 608 710 656 ut
731 599 859 656 homines
881 601 1124 676 castigationibus,
1148 623 1243 678 repre·

200 688 391 782 bansionibns,
414 708 576 779 ignominiis
596 708 668 764 affici
692 725 723 763 se
744 707 773 763 in
794 707 896 763 delicto
918 709 1057 766 dolerent.
1092 712 1244 784 Impunitas

200 815 274 871 enim
294 823 469 888 peccatorum
488 805 549 871 dat'a
571 815 681 871 uidetur
703 813 754 882 eis,
774 816 823 886 qui
844 815 1029 885 ignominiam
1052 824 1082 873 et
1102 817 1243 876 infamiam

199 923 293 980 icrunt
313 923 372 979 sinc
395 923 508 995 dolore3
542 922 664 977 morderi
693 929 734 977 eat
760 923 860 977 melios
883 923 1064 980 conscicntia.
1120 926 1165 981 Ex
1187 943 1242 998 (pm

200 1036 242 1084 est
262 1029 332 1085 iilnd
354 1045 370 1084 e
392 1027 446 1085 nita
463 1028 575 1084 ductum
596 1027 775 1102 abdicani03
797 1044 958 1100 namqunm
976 1028 1137 1087 dissolutus
1156 1031 1242 1088 lilios:

283 1135 347 1190 Heu
367 1153 409 1190 me
428 1137 576 1190 mianum!

199 1248 256 1298 tum
279 1257 394 1298 seuerus
416 1247 509 1314 pater:

400 1348 557 1404 Dummodo
580 1349 672 1404 doleat
694 1349 812 1422 aliquid,
837 1349 929 1405 dolent
951 1351 1098 1422 quidlibet.

199 1452 250 1512 tn.
283 1452 416 1528 Reliquas
451 1472 563 1529 qnoque
595 1463 688 1528 partes
720 1455 901 1527 aegritudinis
930 1456 1014 1512 utiles
1043 1472 1110 1513 esse
1131 1457 1240 1528 dicunt3

199 1562 417 1619 misericordiam
439 1564 474 1619 ad
508 1580 589 1634 opem
612 1563 754 1618 terendam
775 1568 803 1617 et
824 1561 968 1618 hominum
989 1562 1174 1634 indignorum
1195 1582 1238 1620 ca-

199 1671 334 1726 lamitates
357 1671 559 1743 subleuandas3
592 1670 685 1742 ipsum
716 1669 786 1725 illud
814 1668 965 1740 aemutari,
994 1670 1154 1727 obtrectare
1183 1689 1237 1729 non

199 1792 262 1832 ease
283 1776 396 1848 inutile,
418 1793 504 1848 quum
526 1783 573 1848 ant
593 1793 623 1833 se
644 1794 702 1832 nnn
724 1776 798 1832 idern
819 1775 913 1833 uideat
933 1765 1135 1849 consecutum,
1164 1778 1236 1850 qnod

198 1882 294 1953 alium,
317 1889 364 1937 aut
384 1883 470 1939 alium
491 1883 575 1955 idern,
598 1884 674 1955 qnod
697 1900 743 1955 se,
765 1889 869 1938 metum
887 1898 957 1938 nero
968 1882 991 1939 si
1004 1882 1051 1954 qui
1072 1885 1237 1956 sustulisset,

199 2005 310 2044 ornnem
331 1968 403 2044 uitae
425 1988 596 2059 diligentiam
618 1991 754 2047 sublatam
776 1990 854 2058 fore,
884 2006 955 2061 quae
982 2006 1093 2046 summa
1115 1999 1190 2049 essct
1210 1993 1237 2048 in

199 2095 249 2167 eis,
272 2094 320 2167 qni
342 2097 437 2168 leges,
459 2096 507 2168 qui
530 2095 722 2169 magistratus,
745 2097 794 2169 qni
815 2103 1022 2168 paupertatem,
1046 2098 1096 2170 qui
1118 2097 1236 2170 ignomi-

198 2203 289 2275 niam,
318 2201 367 2276 qui
395 2209 528 2287 mortem,
560 2202 608 2278 qui
637 2205 763 2260 dolorem
791 2203 927 2258 timerent.
982 2204 1060 2261 llaec
1089 2210 1183 2262 tamen
1202 2207 1237 2262 ita

198 2312 348 2382 disputant,
370 2316 401 2367 ut
422 2312 572 2367 resecanda
593 2327 656 2367 esse
678 2310 823 2383 fateantur,
846 2295 931 2366 euelli
952 2310 1066 2382 penitus
1084 2312 1178 2368 dicant
1188 2328 1239 2369 nec

199 2434 283 2490 posse
312 2434 363 2472 nec
385 2434 456 2489 opus
478 2391 540 2475 csse
569 2423 597 2473 ct
624 2417 653 2473 in
680 2417 809 2473 omnibus
832 2417 890 2472 iere
911 2417 997 2473 rebus
1018 2419 1236 2476 mediocritatem

198 2541 260 2581 csse
282 2524 414 2597 optimam
435 2524 600 2581 existiment.
654 2525 732 2593 Quae
761 2541 847 2597 quum
869 2530 1028 2597 exponunt,
1059 2524 1168 2582 nibiine
1189 2525 1236 2582 tibi

196 2632 334 2706 uidentur,
356 2650 391 2689 an
412 2632 519 2704 aliquid
540 2628 656 2688 dicere?
677 2633 711 2688 A.
733 2630 804 2688 Mihi
825 2647 895 2686 uero
916 2630 1010 2688 dicere
1032 2631 1156 2706 aliquid3
1184 2633 1233 2690 ita·

198 2757 253 2814 que
275 2747 401 2813 expecto,
423 2740 490 2812 qnid
513 2741 547 2796 ad
569 2739 630 2796 ista

283 2847 364 2904 xxi.
386 2845 436 2905 47.
459 2848 499 2904 lt.
510 2847 656 2919 Reperiam
672 2845 806 2917 sorbsse3
828 2842 878 2901 sed
899 2845 969 2900 illud
990 2849 1063 2901 ante.
1104 2845 1237 2920 llidesne,

196 2959 297 3025 quanta
318 2953 402 3008 tuerit
423 2955 496 3025 apud
517 2953 700 3009 Academicos
721 2948 910 3007 uerecundia?
932 2951 1018 3007 Plane
1037 2952 1114 3008 enim
1130 2953 1234 3027 dicunt,

197 3060 273 3132 quod
294 3059 330 3114 ad
361 3074 420 3112 rem
449 3059 591 3128 pertineat.
647 3056 837 3129 Peripateticis
866 3058 1049 3130 respondetur
1077 3076 1094 3115 a
1125 3060 1235 3117 Stoicis.

195 3163 393 3236 lligiadicnlur
406 3162 472 3235 illi,
494 3179 545 3236 per
565 3181 611 3220 me
633 3165 712 3235 licet,
735 3165 780 3220 cni
802 3163 870 3220 nibil
894 3171 936 3221 est
957 3181 1071 3222 neccsse
1094 3166 1165 3241 nisi,
1187 3167 1236 3225 nbi

197 3273 233 3332 sit
252 3272 333 3344 illud,
356 3270 431 3344 qnod
453 3270 513 3326 neri
536 3271 708 3328 simillimum
730 3271 867 3344 uideatur,
889 3273 1049 3343 anquirere.
1092 3274 1169 3342 Quid
1191 3280 1235 3332 est

196 3381 291 3454 igitur,
314 3378 389 3454 quod
411 3385 536 3435 occurrat
555 3379 584 3435 in
606 3381 658 3436 hnc
679 3380 851 3452 quaestione,
875 3394 931 3449 quo
953 3378 1042 3450 possit
1062 3381 1161 3452 attingi
1184 3383 1235 3440 ali·

196 3486 265 3562 qnid
278 3488 338 3545 ucri
357 3483 471 3544 simile?
493 3504 549 3561 quo
573 3488 683 3561 longius
705 3501 784 3542 mens
807 3486 926 3541 bumana
948 3486 1081 3557 progredi
1103 3505 1161 3546 non
1182 3507 1235 3564 po·

263 3807 306 3860 45.
325 3807 491 3873 tngierrdam)
512 3807 629 3869 fugienda
647 3807 700 3857 ItP.
736 3805 873 3870 homines)
897 3821 986 3858 omncs
1004 3808 1057 3858 ItP.
1104 3811 1172 3862 allici
1190 3809 1233 3878 se)

196 3891 315 3942 adficisse
333 3893 386 3941 RP.
421 3892 462 3942 46,
481 3895 549 3944 bom.
562 3890 621 3941 ind.
640 3891 807 3955 calamitates)
826 3892 983 3942 calamitates
1002 3895 1069 3943 born.
1089 3895 1142 3945 ind.
1161 3900 1233 3947 cala·

195 3975 293 4026 mitatis
310 3976 364 4026 BP.
409 3978 564 4028 calamitates
582 3977 649 4027 bom.
670 3977 721 4027 ind.
741 3976 772 4029 0.
808 3974 831 4022 si
849 3975 915 4040 qni)
939 3977 961 4025 si
980 3977 1038 4038 quis
1057 3979 1088 4029 0.
1133 3980 1176 4032 47.
1195 3988 1233 4032 cst

196 4050 319 4123 neccsse)
337 4073 441 4111 necasse
463 4063 492 4115 P.
536 4061 697 4125 quaestione,
716 4061 786 4126 qrto)
804 4065 944 4124 quastione
964 4076 1035 4126 aqna
1055 4064 1086 4113 lt.
1106 4078 1123 4127 q
1150 4080 1232 4130 equa

197 4145 226 4195 P.
255 4159 305 4207 spuo
324 4144 440 4208 longius)
457 4147 528 4205 qnod
543 4147 558 4193 i.
570 4146 597 4193 P.
