2610 4634
493 275 570 322 nin.
593 264 614 319 1.
658 275 742 322 cnr.
763 260 816 322 44„
1133 263 1176 325 43

136 471 229 541 Quem
249 464 422 526 Hectorem?
444 473 490 524 aut
511 466 643 540 quamdiu
664 467 713 523 ille
735 466 788 524 erit
808 463 936 524 Hector?
957 469 1060 526 Melius
1075 469 1176 527 Accius

137 577 335 650 utaliquando
357 574 467 648 sapiens
489 574 627 631 Achilles:

180 683 267 740 Immo
290 686 425 740 enimuero
449 699 549 755 eorpus
571 681 685 736 Priamo
707 683 832 753 reddidi,
855 681 999 737 Hectorem
1020 682 1133 739 abstuli.

136 794 201 850 Non
223 791 309 863 igitur
329 792 451 847 Hectora
472 789 594 861 traxisti,
617 789 667 845 sed
689 804 808 862 eorpus,
831 790 906 861 quud
928 790 1017 846 fueret
1036 790 1175 849 Hectoris.

138 896 209 958 106.
221 899 295 955 Ecce
312 898 381 955 elius
399 897 525 954 exoritur
540 915 557 953 e
572 902 655 967 terra,
672 894 721 968 qui
738 902 852 952 matrem
874 897 996 953 dormire
1018 914 1075 954 non
1089 898 1175 956 siunt:

178 1006 281 1079 Mater,
305 1011 329 1065 te
351 1005 472 1078 appelle,
495 1020 566 1077 quae
588 1020 683 1059 euram
703 1020 799 1059 somne
822 1021 982 1076 suspensam
1004 1005 1090 1079 uuae,

178 1112 274 1185 Neque
296 1118 321 1169 te
340 1115 393 1168 mei
413 1115 530 1183 miseret,
554 1125 636 1180 enrye
658 1115 684 1165 et
705 1112 788 1182 repeti
809 1116 944 1168 netum...

136 1221 232 1289 (Haec
252 1236 339 1292 quum
359 1217 464 1291 pressis
486 1225 513 1274 et
530 1217 669 1274 flebilibus
691 1218 792 1289 modis,
810 1219 856 1291 qui
881 1219 943 1275 totis
966 1219 1077 1276 theatris
1099 1237 1175 1277 mee-

136 1327 239 1384 etitiam
260 1326 389 1398 inierant,
412 1325 603 1398 concinuntur,
625 1323 740 1381 difficile
762 1330 804 1381 est
824 1340 880 1379 nou
899 1325 1019 1398 ens,qui
1041 1326 1176 1385 inhumati

136 1434 202 1509 rint,
224 1432 342 1491 miseros
363 1432 513 1514 iudicare.)

404 1564 444 1578 -
467 1568 508 1579 -
526 1541 620 1611 priter,

180 1646 272 1716 Quam
292 1648 369 1721 serae
388 1647 609 1719 uolucresque...

137 1754 260 1828 (Metuit,
281 1772 317 1812 ne
337 1753 463 1812 laceratis
485 1751 618 1809 membris
637 1751 727 1809 minus
745 1752 816 1809 bene
831 1758 937 1827 utatnr3
960 1771 996 1812 ne
1013 1755 1175 1832 combustis,

121 1880 192 1920 nun
214 1861 392 1930 extimescit)

176 1969 239 2026 Neu
259 1970 395 2042 reliquias
417 1972 457 2026 rie
477 1986 552 2025 meur
575 1970 641 2024 rtre'r
663 1970 808 2024 &nudatis
831 1970 940 2025 neritus

179 2077 282 2134 Tuetre
303 2079 382 2132 rente
404 2077 539 2133 delibutae
560 2078 641 2150 foede
662 2078 830 2132 direxerier.

137 2182 209 2244 107.
231 2182 312 2259 [Non
333 2183 471 2256 intelligo,
495 2183 561 2257 quid
583 2189 694 2255 metunt,
718 2199 803 2255 quum
821 2189 876 2240 tem
893 2183 984 2239 bonos
1004 2185 1176 2256 septenarios

136 2289 234 2347 fundat
254 2291 288 2347 ad
310 2283 436 2366 tibiam.)
488 2292 651 2347 Tenendum
680 2298 721 2347 est
742 2290 826 2362 igitur
841 2290 916 2357 ,nihil
939 2293 1092 2348 curandum
1114 2310 1176 2350 esse

135 2403 356 2472 postmortem,
383 2415 469 2472 quum
497 2399 576 2454 multi
599 2397 725 2454 inimicos
748 2397 829 2453 etiarn
853 2403 976 2454 mortuus
999 2399 1174 2471 poeniuntur.

135 2507 289 2563 Execratur
310 2505 456 2562 luculentis
479 2520 545 2561 sane
568 2505 696 2562 uersibus
719 2505 792 2578 apud
813 2504 936 2562 Ennium
948 2506 1096 2580 Thyesten
1116 2507 1176 2579 pri·

136 2628 215 2669 mum
235 2618 266 2669 nt
286 2612 432 2684 naufragio
453 2620 549 2685 pereat
569 2614 687 2685 Atreus3
710 2613 811 2668 durum
832 2612 887 2668 hoe
909 2629 994 2686 sane3
1016 2612 1078 2668 talis
1101 2613 1175 2669 enim

135 2719 262 2777 interitus
284 2737 340 2777 nnn
363 2719 485 2777 estsine
507 2720 585 2792 graui
608 2736 710 2791 sensu;
734 2719 781 2775 iila
803 2717 904 2792 inania,

178 2825 243 2899 lpse
264 2831 375 2884 nummis
397 2830 476 2884 reete
497 2828 571 2900 fiere
597 2829 713 2899 asperis,
737 2829 914 2899 misceretur,

178 2934 277 2990 Latere
293 2937 424 3007 perdens,
447 2952 520 2992 rare
541 2951 675 3008 speretur
699 2937 774 3007 tabe,
797 2937 875 2990 sanie
897 2940 922 2990 et
943 2936 1078 3006 sanquine
1100 2939 1174 2990 atro.

134 3041 200 3099 Non
222 3041 282 3112 ipsa
305 3058 369 3102 saxa
391 3042 480 3113 magis
502 3059 586 3099 sensu
615 3041 691 3098 omni
719 3042 872 3113 necabunt,
901 3058 983 3115 quam
1012 3040 1060 3097 ille
1089 3041 1175 3098 latere

134 3148 279 3221 pendens,
312 3148 356 3204 cni
384 3167 414 3206 se
443 3149 489 3204 hic
516 3150 667 3206 cruciatum
695 3156 788 3205 censet
815 3156 919 3222 optare.
963 3151 1053 3218 Quam
1082 3153 1173 3205 esseut

136 3255 219 3327 dura,
243 3254 266 3311 si
290 3255 418 3329 sentiret;
441 3257 516 3312 nulle
539 3263 603 3312 sunt
624 3254 683 3312 sine
705 3273 798 3314 sensu.
853 3257 926 3313 litud
950 3273 1016 3313 nero
1038 3271 1174 3328 perquem

135 3363 233 3420 inune:

177 3470 272 3543 Neque
293 3471 454 3543 sepulerum,
478 3485 532 3542 quo
555 3472 681 3543 recipiet,
704 3471 936 3543 hubertipontem
958 3471 1102 3541 corperis,

179 3577 233 3634 Ubi
252 3581 368 3634 remisse
389 3580 511 3634 humanu
532 3580 594 3634 uita
615 3594 716 3649 eorpus
738 3582 892 3651 requiescet
912 3578 1003 3634 metir.

203 3791 309 3853 Accius)
327 3792 414 3844 Attius
431 3797 463 3846 0.
500 3796 557 3847 106.
577 3810 642 3859 quue
657 3795 867 3860 -susprnsnm
885 3802 911 3845 tu
929 3809 993 3857 uriae
1005 3810 1173 3861 —suspenso

132 3877 167 3927 R.
193 3879 317 3927 inhumati
336 3879 397 3929 sinti
417 3882 469 3930 inh.
488 3883 588 3932 sunt0.
625 3883 663 3931 sie
681 3895 752 3931 meus
771 3881 846 3944 siris)
863 3881 1032 3931 semiassireis
1050 3883 1081 3933 R.
1116 3890 1173 3933 tne-

133 3964 187 4022 tru)
205 3976 250 4025 ner
270 3968 362 4013 terram
380 3965 411 4013 R.
451 3966 507 4014 107.
527 3965 693 4029 poeniuntur)
711 3967 851 4028 puniuntur
868 3966 934 4016 Non.
949 3965 1046 4029 pam
1064 3974 1089 4018 et
1104 3966 1172 4017 479.

132 4059 213 4097 sensu
232 4045 324 4111 omni)
343 4061 364 4097 s.
383 4051 469 4100 omniu
487 4051 519 4101 R.
559 4051 642 4112 Quum
663 4050 769 4115 essent)
786 4051 859 4112 Qnue
879 4059 965 4102 essent
982 4052 1023 4111 0„
1050 4049 1173 4118 sentiret)

132 4133 258 4183 sentirem
276 4133 307 4183 R.
344 4140 404 4183 sunt
420 4136 477 4186 sine
493 4135 591 4199 sensu)
612 4136 669 4186 sine
686 4148 765 4186 sensu
782 4137 813 4186 R.
848 4138 905 4188 sine
922 4150 1001 4188 sensu
1018 4142 1080 4188 sunt
1096 4137 1127 4187 0.
