<?xml version="1.0" encoding="UTF-8"?>
<!DOCTYPE html PUBLIC "-//W3C//DTD XHTML 1.0 Transitional//EN"
    "http://www.w3.org/TR/xhtml1/DTD/xhtml1-transitional.dtd">
<html xmlns="http://www.w3.org/1999/xhtml" xml:lang="en" lang="en">
 <head>
  <title>
</title>
<meta http-equiv="Content-Type" content="text/html;charset=utf-8" />
  <meta name='ocr-system' content='tesseract 3.04.00' />
  <meta name='ocr-capabilities' content='ocr_page ocr_carea ocr_par ocr_line ocrx_word'/>
</head>
<body>
  <div class='ocr_page' id='page_1' title='image "./tusculanarumdis00treggoog_0206.png"; bbox 0 0 2610 4634; ppageno 0'>
   <div class='ocr_carea' id='block_1_1' title="bbox 440 272 1172 337">
    <p class='ocr_par' dir='ltr' id='par_1_1' title="bbox 440 272 1172 337">
     <span class='ocr_line' id='line_1_1' title="bbox 440 272 1172 337; baseline 0.004 -3"><span class='ocrx_word' id='word_1_1' title='bbox 440 287 514 335; x_wconf 77' lang='lat' dir='ltr'><strong>urs.</strong></span> <span class='ocrx_word' id='word_1_2' title='bbox 536 275 572 335; x_wconf 83' lang='lat' dir='ltr'><strong>v.</strong></span> <span class='ocrx_word' id='word_1_3' title='bbox 617 289 702 335; x_wconf 77' lang='lat' dir='ltr'><strong>car.</strong></span> <span class='ocrx_word' id='word_1_4' title='bbox 724 272 862 337; x_wconf 64' lang='lat'><strong>25-26.</strong></span> <span class='ocrx_word' id='word_1_5' title='bbox 1111 272 1172 337; x_wconf 74' lang='lat'><strong>1⁷5</strong></span> 
     </span>
    </p>
   </div>
   <div class='ocr_carea' id='block_1_2' title="bbox 132 475 1174 3637">
    <p class='ocr_par' dir='ltr' id='par_1_2' title="bbox 132 475 1173 3195">
     <span class='ocr_line' id='line_1_2' title="bbox 133 475 1173 551; baseline 0.002 -16"><span class='ocrx_word' id='word_1_6' title='bbox 133 484 263 550; x_wconf 88' lang='lat' dir='ltr'><strong>tempore</strong></span> <span class='ocrx_word' id='word_1_7' title='bbox 283 475 432 534; x_wconf 85' lang='lat' dir='ltr'><strong>lluentihus</strong></span> <span class='ocrx_word' id='word_1_8' title='bbox 453 476 483 534; x_wconf 89' lang='lat' dir='ltr'><strong>in</strong></span> <span class='ocrx_word' id='word_1_9' title='bbox 505 483 646 535; x_wconf 91' lang='lat' dir='ltr'><strong>aeternum</strong></span> <span class='ocrx_word' id='word_1_10' title='bbox 667 477 736 536; x_wconf 88' lang='lat' dir='ltr'><strong>ratio</strong></span> <span class='ocrx_word' id='word_1_11' title='bbox 753 484 845 534; x_wconf 79' lang='lat' dir='ltr'><strong>tamen</strong></span> <span class='ocrx_word' id='word_1_12' title='bbox 859 477 1173 551; x_wconf 87' lang='lat' dir='ltr'><strong>mensqucmoderatur.</strong></span> 
     </span>
     <span class='ocr_line' id='line_1_3' title="bbox 133 582 1173 658; baseline -0.001 -14"><span class='ocrx_word' id='word_1_13' title='bbox 133 584 186 644; x_wconf 78' lang='lat'><strong>71.</strong></span> <span class='ocrx_word' id='word_1_14' title='bbox 198 585 278 640; x_wconf 84' lang='lat' dir='ltr'><strong>Haec</strong></span> <span class='ocrx_word' id='word_1_15' title='bbox 299 582 347 639; x_wconf 90' lang='lat' dir='ltr'><strong>ille</strong></span> <span class='ocrx_word' id='word_1_16' title='bbox 368 584 479 640; x_wconf 88' lang='lat' dir='ltr'><strong>intuens</strong></span> <span class='ocrx_word' id='word_1_17' title='bbox 500 589 583 656; x_wconf 90' lang='lat' dir='ltr'><strong>atque</strong></span> <span class='ocrx_word' id='word_1_18' title='bbox 604 583 758 656; x_wconf 89' lang='lat' dir='ltr'><strong>suspiciens</strong></span> <span class='ocrx_word' id='word_1_19' title='bbox 779 585 826 640; x_wconf 91' lang='lat' dir='ltr'><strong>uel</strong></span> <span class='ocrx_word' id='word_1_20' title='bbox 848 583 940 656; x_wconf 87' lang='lat' dir='ltr'><strong>potius</strong></span> <span class='ocrx_word' id='word_1_21' title='bbox 961 602 1060 642; x_wconf 87' lang='lat' dir='ltr'><strong>omncs</strong></span> <span class='ocrx_word' id='word_1_22' title='bbox 1080 592 1173 658; x_wconf 81' lang='lat' dir='ltr'><strong>partes</strong></span> 
     </span>
     <span class='ocr_line' id='line_1_4' title="bbox 133 688 1172 764; baseline 0.002 -17"><span class='ocrx_word' id='word_1_23' title='bbox 133 706 256 763; x_wconf 88' lang='lat' dir='ltr'><strong>orasque</strong></span> <span class='ocrx_word' id='word_1_24' title='bbox 278 688 503 762; x_wconf 81' lang='lat' dir='ltr'><strong>circumspiciens</strong></span> <span class='ocrx_word' id='word_1_25' title='bbox 533 696 636 762; x_wconf 87' lang='lat' dir='ltr'><strong>quanta</strong></span> <span class='ocrx_word' id='word_1_26' title='bbox 662 707 759 747; x_wconf 88' lang='lat' dir='ltr'><strong>mrsus</strong></span> <span class='ocrx_word' id='word_1_27' title='bbox 787 688 871 747; x_wconf 90' lang='lat' dir='ltr'><strong>animi</strong></span> <span class='ocrx_word' id='word_1_28' title='bbox 899 691 1096 764; x_wconf 74' lang='lat' dir='ltr'><strong>tranquillitate</strong></span> <span class='ocrx_word' id='word_1_29' title='bbox 1117 693 1172 749; x_wconf 88' lang='lat' dir='ltr'><strong>hu·</strong></span> 
     </span>
     <span class='ocr_line' id='line_1_5' title="bbox 132 795 1171 873; baseline 0.003 -20"><span class='ocrx_word' id='word_1_30' title='bbox 132 814 216 854; x_wconf 88' lang='lat' dir='ltr'><strong>mana</strong></span> <span class='ocrx_word' id='word_1_31' title='bbox 238 802 266 852; x_wconf 87' lang='lat' dir='ltr'><strong>et</strong></span> <span class='ocrx_word' id='word_1_32' title='bbox 287 795 414 852; x_wconf 82' lang='lat' dir='ltr'><strong>citeriora</strong></span> <span class='ocrx_word' id='word_1_33' title='bbox 435 795 607 852; x_wconf 89' lang='lat' dir='ltr'><strong>considerati</strong></span> <span class='ocrx_word' id='word_1_34' title='bbox 630 796 705 854; x_wconf 88' lang='lat' dir='ltr'><strong>Hinc</strong></span> <span class='ocrx_word' id='word_1_35' title='bbox 728 797 775 853; x_wconf 92' lang='lat' dir='ltr'><strong>illa</strong></span> <span class='ocrx_word' id='word_1_36' title='bbox 796 796 918 868; x_wconf 75' lang='lat' dir='ltr'><strong>cognitio</strong></span> <span class='ocrx_word' id='word_1_37' title='bbox 939 798 1046 855; x_wconf 89' lang='lat' dir='ltr'><strong>uirtutis</strong></span> <span class='ocrx_word' id='word_1_38' title='bbox 1068 798 1171 873; x_wconf 76' lang='lat' dir='ltr'><strong>existit,</strong></span> 
     </span>
     <span class='ocr_line' id='line_1_6' title="bbox 132 901 1173 980; baseline 0.002 -19"><span class='ocrx_word' id='word_1_39' title='bbox 132 904 314 961; x_wconf 84' lang='lat' dir='ltr'><strong>efflorescunt</strong></span> <span class='ocrx_word' id='word_1_40' title='bbox 335 918 437 973; x_wconf 78' lang='lat' dir='ltr'><strong>genera</strong></span> <span class='ocrx_word' id='word_1_41' title='bbox 458 903 606 975; x_wconf 85' lang='lat' dir='ltr'><strong>partesque</strong></span> <span class='ocrx_word' id='word_1_42' title='bbox 627 903 770 975; x_wconf 88' lang='lat' dir='ltr'><strong>uirtutum,</strong></span> <span class='ocrx_word' id='word_1_43' title='bbox 793 901 942 977; x_wconf 89' lang='lat' dir='ltr'><strong>inuenitur,</strong></span> <span class='ocrx_word' id='word_1_44' title='bbox 961 904 1084 980; x_wconf 87' lang='lat' dir='ltr'><strong>quidsit,</strong></span> <span class='ocrx_word' id='word_1_45' title='bbox 1096 905 1173 978; x_wconf 92' lang='lat' dir='ltr'><strong>quod</strong></span> 
     </span>
     <span class='ocr_line' id='line_1_7' title="bbox 132 1007 1172 1086; baseline 0.002 -18"><span class='ocrx_word' id='word_1_46' title='bbox 132 1016 231 1068; x_wconf 91' lang='lat' dir='ltr'><strong>natura</strong></span> <span class='ocrx_word' id='word_1_47' title='bbox 253 1014 358 1080; x_wconf 88' lang='lat' dir='ltr'><strong>spectet</strong></span> <span class='ocrx_word' id='word_1_48' title='bbox 379 1015 531 1064; x_wconf 86' lang='lat' dir='ltr'><strong>extremum</strong></span> <span class='ocrx_word' id='word_1_49' title='bbox 549 1007 577 1064; x_wconf 94' lang='lat' dir='ltr'><strong>iu</strong></span> <span class='ocrx_word' id='word_1_50' title='bbox 597 1010 689 1085; x_wconf 87' lang='lat' dir='ltr'><strong>honis,</strong></span> <span class='ocrx_word' id='word_1_51' title='bbox 711 1009 788 1086; x_wconf 91' lang='lat' dir='ltr'><strong>quod</strong></span> <span class='ocrx_word' id='word_1_52' title='bbox 809 1010 837 1066; x_wconf 93' lang='lat' dir='ltr'><strong>iu</strong></span> <span class='ocrx_word' id='word_1_53' title='bbox 859 1009 940 1066; x_wconf 92' lang='lat' dir='ltr'><strong>malis</strong></span> <span class='ocrx_word' id='word_1_54' title='bbox 961 1009 1099 1085; x_wconf 91' lang='lat' dir='ltr'><strong>ultimum,</strong></span> <span class='ocrx_word' id='word_1_55' title='bbox 1115 1028 1172 1085; x_wconf 93' lang='lat' dir='ltr'><strong>quo</strong></span> 
     </span>
     <span class='ocr_line' id='line_1_8' title="bbox 135 1112 1171 1189; baseline 0.002 -17"><span class='ocrx_word' id='word_1_56' title='bbox 135 1115 283 1172; x_wconf 90' lang='lat' dir='ltr'><strong>relereuda</strong></span> <span class='ocrx_word' id='word_1_57' title='bbox 309 1113 365 1170; x_wconf 88' lang='lat' dir='ltr'><strong>siut</strong></span> <span class='ocrx_word' id='word_1_58' title='bbox 393 1112 500 1187; x_wconf 87' lang='lat' dir='ltr'><strong>officia,</strong></span> <span class='ocrx_word' id='word_1_59' title='bbox 530 1130 601 1187; x_wconf 89' lang='lat' dir='ltr'><strong>quae</strong></span> <span class='ocrx_word' id='word_1_60' title='bbox 629 1113 772 1184; x_wconf 81' lang='lat' dir='ltr'><strong>degendae</strong></span> <span class='ocrx_word' id='word_1_61' title='bbox 800 1116 896 1174; x_wconf 89' lang='lat' dir='ltr'><strong>aetatis</strong></span> <span class='ocrx_word' id='word_1_62' title='bbox 923 1114 993 1174; x_wconf 87' lang='lat' dir='ltr'><strong>ratio</strong></span> <span class='ocrx_word' id='word_1_63' title='bbox 1015 1116 1171 1189; x_wconf 74' lang='lat' dir='ltr'><strong>deligenda.</strong></span> 
     </span>
     <span class='ocr_line' id='line_1_9' title="bbox 133 1219 1170 1302; baseline 0.002 -23"><span class='ocrx_word' id='word_1_64' title='bbox 133 1221 244 1291; x_wconf 80' lang='lat' dir='ltr'><strong>Quibus</strong></span> <span class='ocrx_word' id='word_1_65' title='bbox 266 1227 294 1277; x_wconf 91' lang='lat' dir='ltr'><strong>et</strong></span> <span class='ocrx_word' id='word_1_66' title='bbox 318 1220 420 1276; x_wconf 87' lang='lat' dir='ltr'><strong>talibus</strong></span> <span class='ocrx_word' id='word_1_67' title='bbox 448 1220 533 1276; x_wconf 90' lang='lat' dir='ltr'><strong>rebus</strong></span> <span class='ocrx_word' id='word_1_68' title='bbox 560 1219 705 1298; x_wconf 78' lang='lat' dir='ltr'><strong>exquisitis</strong></span> <span class='ocrx_word' id='word_1_69' title='bbox 734 1222 788 1278; x_wconf 90' lang='lat' dir='ltr'><strong>hoc</strong></span> <span class='ocrx_word' id='word_1_70' title='bbox 814 1223 861 1280; x_wconf 93' lang='lat' dir='ltr'><strong>uel</strong></span> <span class='ocrx_word' id='word_1_71' title='bbox 889 1222 1008 1280; x_wconf 90' lang='lat' dir='ltr'><strong>maxime</strong></span> <span class='ocrx_word' id='word_1_72' title='bbox 1035 1223 1170 1302; x_wconf 84' lang='lat' dir='ltr'><strong>eflicitur,</strong></span> 
     </span>
     <span class='ocr_line' id='line_1_10' title="bbox 135 1325 1173 1402; baseline 0.001 -16"><span class='ocrx_word' id='word_1_73' title='bbox 135 1329 213 1402; x_wconf 92' lang='lat' dir='ltr'><strong>quod</strong></span> <span class='ocrx_word' id='word_1_74' title='bbox 235 1329 287 1384; x_wconf 90' lang='lat' dir='ltr'><strong>hac</strong></span> <span class='ocrx_word' id='word_1_75' title='bbox 307 1325 493 1399; x_wconf 89' lang='lat' dir='ltr'><strong>disputatione</strong></span> <span class='ocrx_word' id='word_1_76' title='bbox 514 1326 633 1399; x_wconf 78' lang='lat' dir='ltr'><strong>agimus,</strong></span> <span class='ocrx_word' id='word_1_77' title='bbox 656 1333 687 1382; x_wconf 91' lang='lat' dir='ltr'><strong>ut</strong></span> <span class='ocrx_word' id='word_1_78' title='bbox 707 1327 796 1384; x_wconf 90' lang='lat' dir='ltr'><strong>uirtus</strong></span> <span class='ocrx_word' id='word_1_79' title='bbox 818 1330 854 1385; x_wconf 90' lang='lat' dir='ltr'><strong>ad</strong></span> <span class='ocrx_word' id='word_1_80' title='bbox 875 1329 956 1386; x_wconf 84' lang='lat' dir='ltr'><strong>beate</strong></span> <span class='ocrx_word' id='word_1_81' title='bbox 972 1329 1126 1386; x_wconf 89' lang='lat' dir='ltr'><strong>uiuendum</strong></span> <span class='ocrx_word' id='word_1_82' title='bbox 1136 1330 1173 1388; x_wconf 89' lang='lat' dir='ltr'><strong>sit</strong></span> 
     </span>
     <span class='ocr_line' id='line_1_11' title="bbox 134 1430 1172 1508; baseline 0.001 -15"><span class='ocrx_word' id='word_1_83' title='bbox 134 1453 166 1493; x_wconf 87' lang='lat' dir='ltr'><strong>se</strong></span> <span class='ocrx_word' id='word_1_84' title='bbox 188 1436 249 1508; x_wconf 91' lang='lat' dir='ltr'><strong>ipsa</strong></span> <span class='ocrx_word' id='word_1_85' title='bbox 271 1438 407 1490; x_wconf 78' lang='lat' dir='ltr'><strong>contenta.</strong></span> <span class='ocrx_word' id='word_1_86' title='bbox 451 1430 501 1490; x_wconf 79' lang='lat'><strong>72.</strong></span> <span class='ocrx_word' id='word_1_87' title='bbox 530 1433 662 1505; x_wconf 85' lang='lat' dir='ltr'><strong>Sequitur</strong></span> <span class='ocrx_word' id='word_1_88' title='bbox 687 1432 777 1505; x_wconf 85' lang='lat' dir='ltr'><strong>tertio,</strong></span> <span class='ocrx_word' id='word_1_89' title='bbox 799 1451 870 1506; x_wconf 89' lang='lat' dir='ltr'><strong>quae</strong></span> <span class='ocrx_word' id='word_1_90' title='bbox 891 1452 943 1507; x_wconf 86' lang='lat' dir='ltr'><strong>per</strong></span> <span class='ocrx_word' id='word_1_91' title='bbox 961 1451 1058 1492; x_wconf 91' lang='lat' dir='ltr'><strong>omnes</strong></span> <span class='ocrx_word' id='word_1_92' title='bbox 1080 1442 1172 1508; x_wconf 90' lang='lat' dir='ltr'><strong>partes</strong></span> 
     </span>
     <span class='ocr_line' id='line_1_12' title="bbox 133 1539 1171 1618; baseline 0.002 -19"><span class='ocrx_word' id='word_1_93' title='bbox 133 1540 284 1614; x_wconf 87' lang='lat' dir='ltr'><strong>sapientiae</strong></span> <span class='ocrx_word' id='word_1_94' title='bbox 306 1546 399 1596; x_wconf 90' lang='lat' dir='ltr'><strong>manat</strong></span> <span class='ocrx_word' id='word_1_95' title='bbox 419 1545 447 1594; x_wconf 90' lang='lat' dir='ltr'><strong>et</strong></span> <span class='ocrx_word' id='word_1_96' title='bbox 467 1539 599 1613; x_wconf 82' lang='lat' dir='ltr'><strong>tunditur,</strong></span> <span class='ocrx_word' id='word_1_97' title='bbox 622 1554 693 1611; x_wconf 85' lang='lat' dir='ltr'><strong>quae</strong></span> <span class='ocrx_word' id='word_1_98' title='bbox 715 1555 775 1596; x_wconf 88' lang='lat' dir='ltr'><strong>rem</strong></span> <span class='ocrx_word' id='word_1_99' title='bbox 790 1540 895 1614; x_wconf 87' lang='lat' dir='ltr'><strong>delinit,</strong></span> <span class='ocrx_word' id='word_1_100' title='bbox 913 1557 1014 1612; x_wconf 80' lang='lat' dir='ltr'><strong>genera</strong></span> <span class='ocrx_word' id='word_1_101' title='bbox 1036 1541 1171 1618; x_wconf 86' lang='lat' dir='ltr'><strong>dispertit,</strong></span> 
     </span>
     <span class='ocr_line' id='line_1_13' title="bbox 134 1645 1171 1723; baseline 0.001 -18"><span class='ocrx_word' id='word_1_102' title='bbox 134 1648 280 1721; x_wconf 88' lang='lat' dir='ltr'><strong>sequeutia</strong></span> <span class='ocrx_word' id='word_1_103' title='bbox 300 1645 440 1720; x_wconf 78' lang='lat' dir='ltr'><strong>adiungit,</strong></span> <span class='ocrx_word' id='word_1_104' title='bbox 468 1646 590 1718; x_wconf 87' lang='lat' dir='ltr'><strong>perlecta</strong></span> <span class='ocrx_word' id='word_1_105' title='bbox 612 1645 769 1720; x_wconf 87' lang='lat' dir='ltr'><strong>concludit,</strong></span> <span class='ocrx_word' id='word_1_106' title='bbox 797 1664 865 1703; x_wconf 86' lang='lat' dir='ltr'><strong>uera</strong></span> <span class='ocrx_word' id='word_1_107' title='bbox 893 1655 921 1703; x_wconf 91' lang='lat' dir='ltr'><strong>et</strong></span> <span class='ocrx_word' id='word_1_108' title='bbox 941 1648 1011 1704; x_wconf 88' lang='lat' dir='ltr'><strong>lalsa</strong></span> <span class='ocrx_word' id='word_1_109' title='bbox 1029 1648 1171 1723; x_wconf 87' lang='lat' dir='ltr'><strong>diiudicat,</strong></span> 
     </span>
     <span class='ocr_line' id='line_1_14' title="bbox 134 1751 1172 1827; baseline 0.001 -16"><span class='ocrx_word' id='word_1_110' title='bbox 134 1753 291 1812; x_wconf 88' lang='lat' dir='ltr'><strong>disserendi</strong></span> <span class='ocrx_word' id='word_1_111' title='bbox 316 1751 386 1809; x_wconf 87' lang='lat' dir='ltr'><strong>ratio</strong></span> <span class='ocrx_word' id='word_1_112' title='bbox 414 1757 442 1808; x_wconf 92' lang='lat' dir='ltr'><strong>et</strong></span> <span class='ocrx_word' id='word_1_113' title='bbox 470 1751 594 1810; x_wconf 89' lang='lat' dir='ltr'><strong>scientia.</strong></span> <span class='ocrx_word' id='word_1_114' title='bbox 647 1753 692 1809; x_wconf 87' lang='lat' dir='ltr'><strong>Ex</strong></span> <span class='ocrx_word' id='word_1_115' title='bbox 723 1770 778 1826; x_wconf 90' lang='lat' dir='ltr'><strong>qua</strong></span> <span class='ocrx_word' id='word_1_116' title='bbox 810 1769 897 1827; x_wconf 93' lang='lat' dir='ltr'><strong>quum</strong></span> <span class='ocrx_word' id='word_1_117' title='bbox 929 1771 1037 1811; x_wconf 89' lang='lat' dir='ltr'><strong>summa</strong></span> <span class='ocrx_word' id='word_1_118' title='bbox 1067 1754 1172 1826; x_wconf 89' lang='lat' dir='ltr'><strong>utilitas</strong></span> 
     </span>
     <span class='ocr_line' id='line_1_15' title="bbox 134 1858 1173 1932; baseline 0 -14"><span class='ocrx_word' id='word_1_119' title='bbox 134 1860 228 1918; x_wconf 82' lang='lat' dir='ltr'><strong>existit</strong></span> <span class='ocrx_word' id='word_1_120' title='bbox 248 1861 283 1917; x_wconf 92' lang='lat' dir='ltr'><strong>ad</strong></span> <span class='ocrx_word' id='word_1_121' title='bbox 304 1875 350 1916; x_wconf 89' lang='lat' dir='ltr'><strong>res</strong></span> <span class='ocrx_word' id='word_1_122' title='bbox 372 1859 581 1931; x_wconf 88' lang='lat' dir='ltr'><strong>ponderandas,</strong></span> <span class='ocrx_word' id='word_1_123' title='bbox 609 1863 667 1914; x_wconf 88' lang='lat' dir='ltr'><strong>tum</strong></span> <span class='ocrx_word' id='word_1_124' title='bbox 694 1858 814 1916; x_wconf 84' lang='lat' dir='ltr'><strong>maxime</strong></span> <span class='ocrx_word' id='word_1_125' title='bbox 834 1860 956 1932; x_wconf 79' lang='lat' dir='ltr'><strong>ingenua</strong></span> <span class='ocrx_word' id='word_1_126' title='bbox 977 1861 1123 1919; x_wconf 86' lang='lat' dir='ltr'><strong>delectatio</strong></span> <span class='ocrx_word' id='word_1_127' title='bbox 1144 1867 1173 1918; x_wconf 90' lang='lat' dir='ltr'><strong>et</strong></span> 
     </span>
     <span class='ocr_line' id='line_1_16' title="bbox 134 1950 1173 2040; baseline 0.003 -16"><span class='ocrx_word' id='word_1_128' title='bbox 134 1968 219 2039; x_wconf 79' lang='lat' dir='ltr'><strong>digna</strong></span> <span class='ocrx_word' id='word_1_129' title='bbox 241 1964 384 2039; x_wconf 87' lang='lat' dir='ltr'><strong>sapientia.</strong></span> <span class='ocrx_word' id='word_1_130' title='bbox 429 1950 484 2022; x_wconf 80' lang='lat' dir='ltr'><strong>Sed</strong></span> <span class='ocrx_word' id='word_1_131' title='bbox 506 1964 575 2022; x_wconf 90' lang='lat' dir='ltr'><strong>hacc</strong></span> <span class='ocrx_word' id='word_1_132' title='bbox 596 1963 643 2021; x_wconf 91' lang='lat' dir='ltr'><strong>oti.</strong></span> <span class='ocrx_word' id='word_1_133' title='bbox 679 1965 816 2022; x_wconf 85' lang='lat' dir='ltr'><strong>Transeat</strong></span> <span class='ocrx_word' id='word_1_134' title='bbox 834 1965 909 2024; x_wconf 92' lang='lat' dir='ltr'><strong>idem</strong></span> <span class='ocrx_word' id='word_1_135' title='bbox 930 1967 982 2025; x_wconf 91' lang='lat' dir='ltr'><strong>iste</strong></span> <span class='ocrx_word' id='word_1_136' title='bbox 1004 1970 1115 2040; x_wconf 88' lang='lat' dir='ltr'><strong>sapiens</strong></span> <span class='ocrx_word' id='word_1_137' title='bbox 1135 1969 1173 2026; x_wconf 90' lang='lat' dir='ltr'><strong>ad</strong></span> 
     </span>
     <span class='ocr_line' id='line_1_17' title="bbox 133 2071 1172 2159; baseline 0.001 -28"><span class='ocrx_word' id='word_1_138' title='bbox 133 2091 193 2131; x_wconf 93' lang='lat' dir='ltr'><strong>rem</strong></span> <span class='ocrx_word' id='word_1_139' title='bbox 210 2073 351 2146; x_wconf 88' lang='lat' dir='ltr'><strong>publicam</strong></span> <span class='ocrx_word' id='word_1_140' title='bbox 363 2073 501 2129; x_wconf 80' lang='lat' dir='ltr'><strong>tuendam.</strong></span> <span class='ocrx_word' id='word_1_141' title='bbox 534 2071 609 2141; x_wconf 92' lang='lat' dir='ltr'><strong>Quid</strong></span> <span class='ocrx_word' id='word_1_142' title='bbox 620 2088 654 2128; x_wconf 95' lang='lat' dir='ltr'><strong>eo</strong></span> <span class='ocrx_word' id='word_1_143' title='bbox 674 2074 764 2144; x_wconf 92' lang='lat' dir='ltr'><strong>possit</strong></span> <span class='ocrx_word' id='word_1_144' title='bbox 784 2088 846 2129; x_wconf 90' lang='lat' dir='ltr'><strong>esse</strong></span> <span class='ocrx_word' id='word_1_145' title='bbox 868 2074 1063 2148; x_wconf 83' lang='lat' dir='ltr'><strong>praestantius,</strong></span> <span class='ocrx_word' id='word_1_146' title='bbox 1085 2091 1172 2159; x_wconf 86' lang='lat' dir='ltr'><strong>quum</strong></span> 
     </span>
     <span class='ocr_line' id='line_1_18' title="bbox 136 2171 1173 2259; baseline 0.002 -22"><span class='ocrx_word' id='word_1_147' title='bbox 136 2171 303 2259; x_wconf 86' lang='lat' dir='ltr'><strong>[contineri]</strong></span> <span class='ocrx_word' id='word_1_148' title='bbox 337 2177 482 2251; x_wconf 86' lang='lat' dir='ltr'><strong>pmdentia</strong></span> <span class='ocrx_word' id='word_1_149' title='bbox 503 2178 647 2235; x_wconf 88' lang='lat' dir='ltr'><strong>utilitatem</strong></span> <span class='ocrx_word' id='word_1_150' title='bbox 667 2177 772 2234; x_wconf 88' lang='lat' dir='ltr'><strong>ciuium</strong></span> <span class='ocrx_word' id='word_1_151' title='bbox 792 2184 910 2252; x_wconf 75' lang='lat' dir='ltr'><strong>ccmat,</strong></span> <span class='ocrx_word' id='word_1_152' title='bbox 928 2178 1032 2237; x_wconf 89' lang='lat' dir='ltr'><strong>iustitia</strong></span> <span class='ocrx_word' id='word_1_153' title='bbox 1052 2179 1121 2237; x_wconf 87' lang='lat' dir='ltr'><strong>nihil</strong></span> <span class='ocrx_word' id='word_1_154' title='bbox 1142 2181 1173 2239; x_wconf 87' lang='lat' dir='ltr'><strong>in</strong></span> 
     </span>
     <span class='ocr_line' id='line_1_19' title="bbox 134 2283 1172 2361; baseline 0 -17"><span class='ocrx_word' id='word_1_155' title='bbox 134 2303 215 2344; x_wconf 84' lang='lat' dir='ltr'><strong>suam</strong></span> <span class='ocrx_word' id='word_1_156' title='bbox 236 2286 351 2342; x_wconf 93' lang='lat' dir='ltr'><strong>domum</strong></span> <span class='ocrx_word' id='word_1_157' title='bbox 371 2284 436 2341; x_wconf 90' lang='lat' dir='ltr'><strong>inde</strong></span> <span class='ocrx_word' id='word_1_158' title='bbox 464 2283 587 2357; x_wconf 89' lang='lat' dir='ltr'><strong>deriuet,</strong></span> <span class='ocrx_word' id='word_1_159' title='bbox 618 2283 734 2357; x_wconf 89' lang='lat' dir='ltr'><strong>reliquis</strong></span> <span class='ocrx_word' id='word_1_160' title='bbox 762 2289 853 2341; x_wconf 80' lang='lat' dir='ltr'><strong>utatm</strong></span> <span class='ocrx_word' id='word_1_161' title='bbox 880 2291 921 2342; x_wconf 90' lang='lat' dir='ltr'><strong>tot</strong></span> <span class='ocrx_word' id='word_1_162' title='bbox 948 2291 1004 2342; x_wconf 91' lang='lat' dir='ltr'><strong>tam</strong></span> <span class='ocrx_word' id='word_1_163' title='bbox 1030 2285 1172 2361; x_wconf 89' lang='lat' dir='ltr'><strong>uariisque</strong></span> 
     </span>
     <span class='ocr_line' id='line_1_20' title="bbox 134 2388 1172 2465; baseline 0 -14"><span class='ocrx_word' id='word_1_164' title='bbox 134 2388 307 2451; x_wconf 79' lang='lat' dir='ltr'><strong>uirtutibus?</strong></span> <span class='ocrx_word' id='word_1_165' title='bbox 333 2391 465 2462; x_wconf 79' lang='lat' dir='ltr'><strong>Adiunge</strong></span> <span class='ocrx_word' id='word_1_166' title='bbox 486 2390 605 2447; x_wconf 78' lang='lat' dir='ltr'><strong>fructum</strong></span> <span class='ocrx_word' id='word_1_167' title='bbox 627 2389 824 2465; x_wconf 88' lang='lat' dir='ltr'><strong>amicitiarum,</strong></span> <span class='ocrx_word' id='word_1_168' title='bbox 852 2389 960 2464; x_wconf 94' lang='lat' dir='ltr'><strong>inquo</strong></span> <span class='ocrx_word' id='word_1_169' title='bbox 983 2391 1072 2449; x_wconf 82' lang='lat' dir='ltr'><strong>doctis</strong></span> <span class='ocrx_word' id='word_1_170' title='bbox 1094 2391 1172 2465; x_wconf 89' lang='lat' dir='ltr'><strong>posi·</strong></span> 
     </span>
     <span class='ocr_line' id='line_1_21' title="bbox 135 2497 1172 2572; baseline -0.001 -15"><span class='ocrx_word' id='word_1_171' title='bbox 135 2507 195 2557; x_wconf 87' lang='lat' dir='ltr'><strong>tum</strong></span> <span class='ocrx_word' id='word_1_172' title='bbox 216 2504 259 2556; x_wconf 87' lang='lat' dir='ltr'><strong>est</strong></span> <span class='ocrx_word' id='word_1_173' title='bbox 278 2515 365 2572; x_wconf 91' lang='lat' dir='ltr'><strong>quum</strong></span> <span class='ocrx_word' id='word_1_174' title='bbox 386 2497 533 2555; x_wconf 88' lang='lat' dir='ltr'><strong>consilium</strong></span> <span class='ocrx_word' id='word_1_175' title='bbox 554 2497 644 2554; x_wconf 89' lang='lat' dir='ltr'><strong>omnis</strong></span> <span class='ocrx_word' id='word_1_176' title='bbox 665 2497 739 2554; x_wconf 92' lang='lat' dir='ltr'><strong>uitae</strong></span> <span class='ocrx_word' id='word_1_177' title='bbox 760 2497 935 2555; x_wconf 86' lang='lat' dir='ltr'><strong>consentiens</strong></span> <span class='ocrx_word' id='word_1_178' title='bbox 956 2505 985 2555; x_wconf 91' lang='lat' dir='ltr'><strong>et</strong></span> <span class='ocrx_word' id='word_1_179' title='bbox 1005 2515 1092 2571; x_wconf 89' lang='lat' dir='ltr'><strong>paene</strong></span> <span class='ocrx_word' id='word_1_180' title='bbox 1104 2516 1172 2557; x_wconf 90' lang='lat' dir='ltr'><strong>con·</strong></span> 
     </span>
     <span class='ocr_line' id='line_1_22' title="bbox 136 2603 1171 2679; baseline -0.001 -15"><span class='ocrx_word' id='word_1_181' title='bbox 136 2605 257 2679; x_wconf 86' lang='lat' dir='ltr'><strong>spirans,</strong></span> <span class='ocrx_word' id='word_1_182' title='bbox 279 2611 339 2661; x_wconf 90' lang='lat' dir='ltr'><strong>tum</strong></span> <span class='ocrx_word' id='word_1_183' title='bbox 360 2621 467 2661; x_wconf 88' lang='lat' dir='ltr'><strong>summa</strong></span> <span class='ocrx_word' id='word_1_184' title='bbox 488 2604 644 2662; x_wconf 86' lang='lat' dir='ltr'><strong>iucunditas</strong></span> <span class='ocrx_word' id='word_1_185' title='bbox 666 2621 682 2660; x_wconf 90' lang='lat' dir='ltr'><strong>e</strong></span> <span class='ocrx_word' id='word_1_186' title='bbox 704 2603 864 2677; x_wconf 90' lang='lat' dir='ltr'><strong>quotidiano</strong></span> <span class='ocrx_word' id='word_1_187' title='bbox 887 2605 963 2662; x_wconf 91' lang='lat' dir='ltr'><strong>cultu</strong></span> <span class='ocrx_word' id='word_1_188' title='bbox 984 2611 1065 2678; x_wconf 88' lang='lat' dir='ltr'><strong>atque</strong></span> <span class='ocrx_word' id='word_1_189' title='bbox 1086 2606 1171 2664; x_wconf 76' lang='lat' dir='ltr'><strong>nient.</strong></span> 
     </span>
     <span class='ocr_line' id='line_1_23' title="bbox 135 2708 1172 2782; baseline 0.003 -14"><span class='ocrx_word' id='word_1_190' title='bbox 135 2711 212 2781; x_wconf 84' lang='lat' dir='ltr'><strong>Quid</strong></span> <span class='ocrx_word' id='word_1_191' title='bbox 233 2711 302 2768; x_wconf 87' lang='lat' dir='ltr'><strong>haec</strong></span> <span class='ocrx_word' id='word_1_192' title='bbox 324 2713 435 2767; x_wconf 86' lang='lat' dir='ltr'><strong>taudem</strong></span> <span class='ocrx_word' id='word_1_193' title='bbox 456 2712 514 2767; x_wconf 86' lang='lat' dir='ltr'><strong>uita</strong></span> <span class='ocrx_word' id='word_1_194' title='bbox 534 2711 683 2782; x_wconf 87' lang='lat' dir='ltr'><strong>desiderat,</strong></span> <span class='ocrx_word' id='word_1_195' title='bbox 702 2725 759 2782; x_wconf 93' lang='lat' dir='ltr'><strong>quo</strong></span> <span class='ocrx_word' id='word_1_196' title='bbox 781 2711 817 2766; x_wconf 90' lang='lat' dir='ltr'><strong>sit</strong></span> <span class='ocrx_word' id='word_1_197' title='bbox 836 2708 969 2768; x_wconf 78' lang='lat' dir='ltr'><strong>heatior?</strong></span> <span class='ocrx_word' id='word_1_198' title='bbox 991 2711 1043 2769; x_wconf 85' lang='lat' dir='ltr'><strong>Cui</strong></span> <span class='ocrx_word' id='word_1_199' title='bbox 1054 2711 1172 2771; x_wconf 80' lang='lat' dir='ltr'><strong>refertae</strong></span> 
     </span>
     <span class='ocr_line' id='line_1_24' title="bbox 135 2816 1172 2891; baseline 0.001 -15"><span class='ocrx_word' id='word_1_200' title='bbox 135 2824 177 2876; x_wconf 92' lang='lat' dir='ltr'><strong>tot</strong></span> <span class='ocrx_word' id='word_1_201' title='bbox 196 2817 335 2891; x_wconf 84' lang='lat' dir='ltr'><strong>tantisque</strong></span> <span class='ocrx_word' id='word_1_202' title='bbox 357 2816 465 2888; x_wconf 75' lang='lat' dir='ltr'><strong>gaudiis</strong></span> <span class='ocrx_word' id='word_1_203' title='bbox 494 2818 605 2874; x_wconf 84' lang='lat' dir='ltr'><strong>fortuna</strong></span> <span class='ocrx_word' id='word_1_204' title='bbox 630 2817 693 2889; x_wconf 85' lang='lat' dir='ltr'><strong>ipsa</strong></span> <span class='ocrx_word' id='word_1_205' title='bbox 714 2817 793 2878; x_wconf 81' lang='lat' dir='ltr'><strong>cedat</strong></span> <span class='ocrx_word' id='word_1_206' title='bbox 813 2833 928 2874; x_wconf 89' lang='lat' dir='ltr'><strong>necesse</strong></span> <span class='ocrx_word' id='word_1_207' title='bbox 949 2824 1000 2874; x_wconf 84' lang='lat' dir='ltr'><strong>est.</strong></span> <span class='ocrx_word' id='word_1_208' title='bbox 1044 2818 1127 2886; x_wconf 86' lang='lat' dir='ltr'><strong>Quod</strong></span> <span class='ocrx_word' id='word_1_209' title='bbox 1148 2819 1172 2878; x_wconf 89' lang='lat' dir='ltr'><strong>si</strong></span> 
     </span>
     <span class='ocr_line' id='line_1_25' title="bbox 136 2916 1172 3000; baseline 0.002 -18"><span class='ocrx_word' id='word_1_210' title='bbox 136 2926 259 2997; x_wconf 79' lang='lat' dir='ltr'><strong>gaudere</strong></span> <span class='ocrx_word' id='word_1_211' title='bbox 285 2922 387 2980; x_wconf 89' lang='lat' dir='ltr'><strong>talibus</strong></span> <span class='ocrx_word' id='word_1_212' title='bbox 408 2924 496 2980; x_wconf 67' lang='lat' dir='ltr'><strong>‘bonis</strong></span> <span class='ocrx_word' id='word_1_213' title='bbox 518 2916 629 2997; x_wconf 74' lang='lat' dir='ltr'><strong>animi,</strong></span> <span class='ocrx_word' id='word_1_214' title='bbox 656 2922 685 2979; x_wconf 95' lang='lat' dir='ltr'><strong>id</strong></span> <span class='ocrx_word' id='word_1_215' title='bbox 715 2928 757 2980; x_wconf 85' lang='lat' dir='ltr'><strong>est</strong></span> <span class='ocrx_word' id='word_1_216' title='bbox 782 2922 947 2997; x_wconf 89' lang='lat' dir='ltr'><strong>uirtutibus,</strong></span> <span class='ocrx_word' id='word_1_217' title='bbox 975 2924 1088 2983; x_wconf 88' lang='lat' dir='ltr'><strong>beatum</strong></span> <span class='ocrx_word' id='word_1_218' title='bbox 1113 2931 1172 3000; x_wconf 88' lang='lat' dir='ltr'><strong>est,</strong></span> 
     </span>
     <span class='ocr_line' id='line_1_26' title="bbox 136 3028 1173 3104; baseline 0.004 -16"><span class='ocrx_word' id='word_1_219' title='bbox 136 3041 291 3103; x_wconf 87' lang='lat' dir='ltr'><strong>omnesque</strong></span> <span class='ocrx_word' id='word_1_220' title='bbox 313 3029 450 3101; x_wconf 89' lang='lat' dir='ltr'><strong>sapientes</strong></span> <span class='ocrx_word' id='word_1_221' title='bbox 473 3028 508 3087; x_wconf 90' lang='lat' dir='ltr'><strong>ils</strong></span> <span class='ocrx_word' id='word_1_222' title='bbox 530 3029 637 3103; x_wconf 75' lang='lat' dir='ltr'><strong>gaudiis</strong></span> <span class='ocrx_word' id='word_1_223' title='bbox 659 3029 856 3104; x_wconf 82' lang='lat' dir='ltr'><strong>perfruuntur,</strong></span> <span class='ocrx_word' id='word_1_224' title='bbox 887 3045 984 3089; x_wconf 88' lang='lat' dir='ltr'><strong>omncs</strong></span> <span class='ocrx_word' id='word_1_225' title='bbox 1006 3049 1055 3091; x_wconf 91' lang='lat' dir='ltr'><strong>eos</strong></span> <span class='ocrx_word' id='word_1_226' title='bbox 1076 3033 1173 3092; x_wconf 79' lang='lat' dir='ltr'><strong>beatos</strong></span> 
     </span>
     <span class='ocr_line' id='line_1_27' title="bbox 136 3136 557 3195; baseline -0.002 0"><span class='ocrx_word' id='word_1_227' title='bbox 136 3154 199 3195; x_wconf 86' lang='lat' dir='ltr'><strong>esse</strong></span> <span class='ocrx_word' id='word_1_228' title='bbox 221 3136 347 3193; x_wconf 87' lang='lat' dir='ltr'><strong>confiteri</strong></span> <span class='ocrx_word' id='word_1_229' title='bbox 372 3153 486 3193; x_wconf 89' lang='lat' dir='ltr'><strong>neccsse</strong></span> <span class='ocrx_word' id='word_1_230' title='bbox 507 3144 557 3194; x_wconf 87' lang='lat' dir='ltr'><strong>est</strong></span> 
     </span>
    </p>

    <p class='ocr_par' dir='ltr' id='par_1_3' title="bbox 135 3241 1174 3637">
     <span class='ocr_line' id='line_1_28' title="bbox 221 3241 1173 3315; baseline 0.003 -15"><span class='ocrx_word' id='word_1_231' title='bbox 221 3244 329 3301; x_wconf 84' lang='lat' dir='ltr'><strong>xxvl.</strong></span> <span class='ocrx_word' id='word_1_232' title='bbox 352 3241 402 3302; x_wconf 80' lang='lat'><strong>73.</strong></span> <span class='ocrx_word' id='word_1_233' title='bbox 432 3244 467 3300; x_wconf 83' lang='grc' dir='ltr'><strong>Α.</strong></span> <span class='ocrx_word' id='word_1_234' title='bbox 487 3243 615 3299; x_wconf 89' lang='lat' dir='ltr'><strong>Etiamne</strong></span> <span class='ocrx_word' id='word_1_235' title='bbox 636 3242 665 3298; x_wconf 91' lang='lat' dir='ltr'><strong>in</strong></span> <span class='ocrx_word' id='word_1_236' title='bbox 687 3241 809 3299; x_wconf 90' lang='lat' dir='ltr'><strong>cruciatu</strong></span> <span class='ocrx_word' id='word_1_237' title='bbox 830 3248 913 3315; x_wconf 89' lang='lat' dir='ltr'><strong>atque</strong></span> <span class='ocrx_word' id='word_1_238' title='bbox 934 3243 1100 3303; x_wconf 78' lang='lat' dir='ltr'><strong>tormentis?</strong></span> <span class='ocrx_word' id='word_1_239' title='bbox 1132 3248 1173 3306; x_wconf 83' lang='grc' dir='ltr'><strong>Μ.</strong></span> 
     </span>
     <span class='ocr_line' id='line_1_29' title="bbox 136 3348 1172 3424; baseline 0.002 -18"><span class='ocrx_word' id='word_1_240' title='bbox 136 3350 181 3406; x_wconf 78' lang='lat' dir='ltr'><strong>An</strong></span> <span class='ocrx_word' id='word_1_241' title='bbox 203 3355 233 3406; x_wconf 89' lang='lat' dir='ltr'><strong>tu</strong></span> <span class='ocrx_word' id='word_1_242' title='bbox 253 3367 299 3406; x_wconf 90' lang='lat' dir='ltr'><strong>me</strong></span> <span class='ocrx_word' id='word_1_243' title='bbox 321 3350 350 3406; x_wconf 94' lang='lat' dir='ltr'><strong>in</strong></span> <span class='ocrx_word' id='word_1_244' title='bbox 372 3351 447 3407; x_wconf 85' lang='lat' dir='ltr'><strong>uiola</strong></span> <span class='ocrx_word' id='word_1_245' title='bbox 469 3349 584 3422; x_wconf 77' lang='lat' dir='ltr'><strong>putabas</strong></span> <span class='ocrx_word' id='word_1_246' title='bbox 611 3355 658 3405; x_wconf 85' lang='lat' dir='ltr'><strong>aut</strong></span> <span class='ocrx_word' id='word_1_247' title='bbox 685 3348 715 3405; x_wconf 91' lang='lat' dir='ltr'><strong>in</strong></span> <span class='ocrx_word' id='word_1_248' title='bbox 742 3364 807 3406; x_wconf 86' lang='lat' dir='ltr'><strong>rosa</strong></span> <span class='ocrx_word' id='word_1_249' title='bbox 833 3349 942 3423; x_wconf 79' lang='lat' dir='ltr'><strong>dicere3</strong></span> <span class='ocrx_word' id='word_1_250' title='bbox 974 3368 1010 3407; x_wconf 88' lang='lat' dir='ltr'><strong>an</strong></span> <span class='ocrx_word' id='word_1_251' title='bbox 1037 3351 1172 3424; x_wconf 86' lang='lat' dir='ltr'><strong>Epicuro,</strong></span> 
     </span>
     <span class='ocr_line' id='line_1_30' title="bbox 135 3452 1174 3528; baseline -0.001 -14"><span class='ocrx_word' id='word_1_252' title='bbox 135 3456 185 3528; x_wconf 90' lang='lat' dir='ltr'><strong>qui</strong></span> <span class='ocrx_word' id='word_1_253' title='bbox 207 3459 397 3514; x_wconf 89' lang='lat' dir='ltr'><strong>tantummodo</strong></span> <span class='ocrx_word' id='word_1_254' title='bbox 419 3456 509 3514; x_wconf 90' lang='lat' dir='ltr'><strong>induit</strong></span> <span class='ocrx_word' id='word_1_255' title='bbox 530 3470 679 3526; x_wconf 87' lang='lat' dir='ltr'><strong>personam</strong></span> <span class='ocrx_word' id='word_1_256' title='bbox 704 3452 866 3526; x_wconf 85' lang='lat' dir='ltr'><strong>philosophi</strong></span> <span class='ocrx_word' id='word_1_257' title='bbox 894 3462 923 3511; x_wconf 87' lang='lat' dir='ltr'><strong>ct</strong></span> <span class='ocrx_word' id='word_1_258' title='bbox 948 3453 1004 3512; x_wconf 89' lang='lat' dir='ltr'><strong>sibi</strong></span> <span class='ocrx_word' id='word_1_259' title='bbox 1031 3454 1093 3526; x_wconf 87' lang='lat' dir='ltr'><strong>ipse</strong></span> <span class='ocrx_word' id='word_1_260' title='bbox 1120 3455 1174 3513; x_wconf 82' lang='lat' dir='ltr'><strong>hue</strong></span> 
     </span>
     <span class='ocr_line' id='line_1_31' title="bbox 135 3558 1173 3637; baseline 0 -17"><span class='ocrx_word' id='word_1_261' title='bbox 135 3579 240 3622; x_wconf 91' lang='lat' dir='ltr'><strong>nomen</strong></span> <span class='ocrx_word' id='word_1_262' title='bbox 260 3562 411 3637; x_wconf 90' lang='lat' dir='ltr'><strong>inscripsit,</strong></span> <span class='ocrx_word' id='word_1_263' title='bbox 435 3561 528 3619; x_wconf 87' lang='lat' dir='ltr'><strong>dicere</strong></span> <span class='ocrx_word' id='word_1_264' title='bbox 549 3558 645 3618; x_wconf 88' lang='lat' dir='ltr'><strong>licebit</strong></span> <span class='ocrx_word' id='word_1_265' title='bbox 666 3559 758 3632; x_wconf 90' lang='lat' dir='ltr'><strong>(quod</strong></span> <span class='ocrx_word' id='word_1_266' title='bbox 780 3558 907 3635; x_wconf 89' lang='lat' dir='ltr'><strong>quidem,</strong></span> <span class='ocrx_word' id='word_1_267' title='bbox 929 3567 961 3618; x_wconf 92' lang='lat' dir='ltr'><strong>ut</strong></span> <span class='ocrx_word' id='word_1_268' title='bbox 974 3561 1105 3620; x_wconf 87' lang='lat' dir='ltr'><strong>habetsc</strong></span> <span class='ocrx_word' id='word_1_269' title='bbox 1115 3577 1173 3637; x_wconf 87' lang='lat' dir='ltr'><strong>res,</strong></span> 
     </span>
    </p>
   </div>
   <div class='ocr_carea' id='block_1_3' title="bbox 136 3858 1175 4177">
    <p class='ocr_par' dir='ltr' id='par_1_4' title="bbox 136 3858 1175 4177">
     <span class='ocr_line' id='line_1_32' title="bbox 205 3858 1173 3926; baseline 0.005 -18"><span class='ocrx_word' id='word_1_270' title='bbox 205 3858 248 3908; x_wconf 74' lang='grc'><strong>71.</strong></span> <span class='ocrx_word' id='word_1_271' title='bbox 266 3860 333 3921; x_wconf 88' lang='lat' dir='ltr'><strong>qnod</strong></span> <span class='ocrx_word' id='word_1_272' title='bbox 353 3860 378 3909; x_wconf 91' lang='lat' dir='ltr'><strong>iu</strong></span> <span class='ocrx_word' id='word_1_273' title='bbox 397 3859 484 3916; x_wconf 83' lang='lat' dir='ltr'><strong>malis)</strong></span> <span class='ocrx_word' id='word_1_274' title='bbox 501 3859 562 3921; x_wconf 85' lang='lat' dir='ltr'><strong>quid</strong></span> <span class='ocrx_word' id='word_1_275' title='bbox 581 3859 607 3908; x_wconf 90' lang='lat' dir='ltr'><strong>ln</strong></span> <span class='ocrx_word' id='word_1_276' title='bbox 625 3861 701 3909; x_wconf 89' lang='lat' dir='ltr'><strong>malis</strong></span> <span class='ocrx_word' id='word_1_277' title='bbox 717 3861 770 3910; x_wconf 87' lang='lat' dir='ltr'><strong>llP.</strong></span> <span class='ocrx_word' id='word_1_278' title='bbox 807 3861 955 3926; x_wconf 78' lang='lat' dir='ltr'><strong>deligenda)</strong></span> <span class='ocrx_word' id='word_1_279' title='bbox 973 3861 1101 3923; x_wconf 75' lang='lat' dir='ltr'><strong>diligenda</strong></span> <span class='ocrx_word' id='word_1_280' title='bbox 1118 3862 1173 3914; x_wconf 74' lang='lat' dir='ltr'><strong>nr.</strong></span> 
     </span>
     <span class='ocr_line' id='line_1_33' title="bbox 136 3941 1173 4008; baseline 0.003 -15"><span class='ocrx_word' id='word_1_281' title='bbox 136 3943 180 3995; x_wconf 72' lang='lat'><strong>⁹72.</strong></span> <span class='ocrx_word' id='word_1_282' title='bbox 198 3943 303 4008; x_wconf 83' lang='lat' dir='ltr'><strong>delinit)</strong></span> <span class='ocrx_word' id='word_1_283' title='bbox 320 3943 437 3993; x_wconf 83' lang='lat' dir='ltr'><strong>definiuit</strong></span> <span class='ocrx_word' id='word_1_284' title='bbox 453 3943 508 3993; x_wconf 70' lang='grc' dir='ltr'><strong>ΕΡ.</strong></span> <span class='ocrx_word' id='word_1_285' title='bbox 544 3941 711 4007; x_wconf 79' lang='lat' dir='ltr'><strong>[contineriD</strong></span> <span class='ocrx_word' id='word_1_286' title='bbox 727 3947 782 3994; x_wconf 82' lang='lat' dir='ltr'><strong>stne</strong></span> <span class='ocrx_word' id='word_1_287' title='bbox 798 3945 873 3994; x_wconf 60' lang='lat' dir='ltr'><strong>uum</strong></span> <span class='ocrx_word' id='word_1_288' title='bbox 890 3946 943 3995; x_wconf 70' lang='grc' dir='ltr'><strong>ΒΡ.</strong></span> <span class='ocrx_word' id='word_1_289' title='bbox 961 3959 1010 3994; x_wconf 85' lang='lat' dir='ltr'><strong>om.</strong></span> <span class='ocrx_word' id='word_1_290' title='bbox 1026 3945 1058 3997; x_wconf 91' lang='lat'><strong>0.</strong></span> <span class='ocrx_word' id='word_1_291' title='bbox 1093 3960 1173 4008; x_wconf 91' lang='lat' dir='ltr'><strong>quum</strong></span> 
     </span>
     <span class='ocr_line' id='line_1_34' title="bbox 136 4023 1174 4093; baseline 0.004 -17"><span class='ocrx_word' id='word_1_292' title='bbox 136 4028 285 4089; x_wconf 85' lang='lat' dir='ltr'><strong>consilium)</strong></span> <span class='ocrx_word' id='word_1_293' title='bbox 304 4033 359 4078; x_wconf 90' lang='lat' dir='ltr'><strong>tum</strong></span> <span class='ocrx_word' id='word_1_294' title='bbox 376 4041 400 4077; x_wconf 88' lang='lat' dir='ltr'><strong>c.</strong></span> <span class='ocrx_word' id='word_1_295' title='bbox 412 4025 444 4076; x_wconf 90' lang='lat'><strong>0.</strong></span> <span class='ocrx_word' id='word_1_296' title='bbox 472 4023 555 4089; x_wconf 86' lang='lat' dir='ltr'><strong>uictu)</strong></span> <span class='ocrx_word' id='word_1_297' title='bbox 566 4027 737 4077; x_wconf 83' lang='lat' dir='ltr'><strong>uictumsllP.</strong></span> <span class='ocrx_word' id='word_1_298' title='bbox 761 4029 844 4093; x_wconf 82' lang='lat' dir='ltr'><strong>Quid)</strong></span> <span class='ocrx_word' id='word_1_299' title='bbox 861 4031 905 4091; x_wconf 91' lang='lat' dir='ltr'><strong>qui</strong></span> <span class='ocrx_word' id='word_1_300' title='bbox 915 4030 945 4080; x_wconf 85' lang='lat' dir='ltr'><strong>P.</strong></span> <span class='ocrx_word' id='word_1_301' title='bbox 972 4030 1174 4091; x_wconf 78' lang='lat' dir='ltr'><strong>cuilcuireilll’.</strong></span> 
     </span>
     <span class='ocr_line' id='line_1_35' title="bbox 136 4110 1175 4177; baseline 0.003 -19"><span class='ocrx_word' id='word_1_302' title='bbox 136 4111 185 4173; x_wconf 84' lang='lat' dir='ltr'><strong>lis)</strong></span> <span class='ocrx_word' id='word_1_303' title='bbox 202 4112 243 4160; x_wconf 84' lang='lat' dir='ltr'><strong>his</strong></span> <span class='ocrx_word' id='word_1_304' title='bbox 252 4110 332 4160; x_wconf 83' lang='lat' dir='ltr'><strong>RPO.</strong></span> <span class='ocrx_word' id='word_1_305' title='bbox 358 4112 423 4162; x_wconf 85' lang='lat' dir='ltr'><strong>beat.</strong></span> <span class='ocrx_word' id='word_1_306' title='bbox 442 4123 500 4161; x_wconf 87' lang='lat' dir='ltr'><strong>csse</strong></span> <span class='ocrx_word' id='word_1_307' title='bbox 517 4111 617 4176; x_wconf 85' lang='lat' dir='ltr'><strong>confit.)</strong></span> <span class='ocrx_word' id='word_1_308' title='bbox 636 4112 701 4163; x_wconf 89' lang='lat' dir='ltr'><strong>conl.</strong></span> <span class='ocrx_word' id='word_1_309' title='bbox 720 4113 746 4162; x_wconf 87' lang='lat' dir='ltr'><strong>b.</strong></span> <span class='ocrx_word' id='word_1_310' title='bbox 764 4123 822 4162; x_wconf 87' lang='lat' dir='ltr'><strong>esse</strong></span> <span class='ocrx_word' id='word_1_311' title='bbox 840 4111 872 4162; x_wconf 90' lang='lat'><strong>0.</strong></span> <span class='ocrx_word' id='word_1_312' title='bbox 906 4114 949 4163; x_wconf 76' lang='grc'><strong>73.</strong></span> <span class='ocrx_word' id='word_1_313' title='bbox 967 4113 1175 4177; x_wconf 80' lang='lat' dir='ltr'><strong>qul)quia1t1³.</strong></span> 
     </span>
    </p>
   </div>
   <div class='ocr_carea' id='block_1_4' title="bbox 0 0 1313 4634">
    <p class='ocr_par' dir='ltr' id='par_1_5' title="bbox 0 0 1313 4634">
     <span class='ocr_line' id='line_1_36' title="bbox 0 0 1313 4634; baseline 0 0"><span class='ocrx_word' id='word_1_314' title='bbox 0 0 1313 4634; x_wconf 95' lang='lat' dir='ltr'><strong> </strong></span> 
     </span>
    </p>
   </div>
  </div>
 </body>
</html>
