2610 4634
204 298 244 360 66
408 282 634 355 ΤΗἘΕΗΙΛΝ.
670 309 1018 353 utsPuanlortum

203 508 232 557 et
252 506 343 556 cetera
364 498 483 571 explicat
504 498 532 554 in
554 498 659 554 dolore.
714 497 760 552 Sic
787 503 830 552 est
857 496 931 553 enim
952 497 1143 568 intemperans
1165 498 1237 555 mili·

204 607 269 664 taris
291 606 320 662 in
341 606 405 661 lorti
426 604 488 660 niro
506 603 608 675 gloria.
662 605 739 674 Ergo
766 604 834 660 haec
861 610 1007 660 ueteranus
1035 603 1119 660 miles
1148 604 1238 661 lacere

203 713 313 785 poterit,
336 713 433 768 doctus
454 711 499 766 uir
520 710 684 782 sapiensque
706 727 761 765 non
784 706 906 781 poterit?
927 711 981 765 llle
998 727 1066 766 uero
1083 711 1187 767 melius
1208 728 1238 767 ac

203 837 258 876 non
281 820 375 890 paullo
397 817 519 891 quidem.
562 815 613 874 40.
637 817 693 872 Sed
714 817 803 879 adhuc
825 817 860 872 de
881 816 1081 873 consuetudine
1103 817 1238 873 exercita·

203 925 285 982 tionis
307 926 417 996 loquor,
440 923 564 979 nondum
585 923 620 978 de
642 923 748 978 ratione
771 929 798 978 ct
819 923 961 994 sapientia.
994 922 1131 981 Aniculae
1157 941 1239 996 saepe

198 1030 322 1087 ,inediam
344 1029 460 1084 biduum
481 1035 528 1084 ant
549 1015 670 1084 tridnum
692 1005 792 1084 sarn‘nt..
836 1030 948 1084 Subduc
960 1030 1052 1085 cibum
1066 1047 1153 1086 unum
1166 1031 1239 1086 diem

202 1125 334 1192 athletae}
355 1136 451 1190 Iouem
474 1134 646 1207 Olympium,
669 1152 733 1190 eum
755 1136 861 1207 ipsum,
885 1135 929 1191 cui
951 1152 981 1191 se
1004 1137 1163 1210 exercebit,
1185 1137 1237 1194 im·

201 1242 336 1315 plorabit,
367 1240 440 1296 serre
468 1257 524 1296 non
551 1256 637 1320 posse,
656 1241 793 1296 clamabit.
838 1241 1050 1298 consuetudinis
1073 1259 1174 1314 magna
1194 1243 1237 1299 uis
1283 1241 1286 1248 '

197 1355 251 1405 cst.
293 1350 459 1404 Pernoctant
480 1352 624 1403 uenatores
647 1347 675 1402 in
697 1347 773 1420 niue,
795 1345 823 1402 in
845 1347 985 1403 montibus
1008 1348 1050 1404 uri
1073 1365 1104 1404 se
1126 1349 1236 1421 patiun-

201 1461 260 1527 tur;
288 1455 397 1527 pugiles
427 1454 563 1510 caestibus
593 1453 700 1510 contusi
729 1471 763 1510 ne
797 1453 981 1524 ingemiscunt
1012 1455 1150 1526 quidem.¹
1186 1454 1235 1512 41.

202 1561 259 1621 Sed
281 1552 348 1635 quid
371 1563 432 1634 hos,
456 1562 558 1634 quibus
580 1560 775 1633 Olympiorum
797 1560 911 1616 uictoria
934 1561 1094 1617 consulatus
1115 1561 1166 1617 ille
1187 1579 1235 1618 an·

195 1669 293 1742 tiqnus
315 1665 449 1723 uidetur?
479 1667 668 1741 Gladiatores,
698 1673 744 1722 aut
764 1667 864 1736 perditi
890 1666 1019 1722 homines
1040 1675 1088 1723 aut
1108 1669 1235 1740 barbari,

199 1789 269 1847 quas
291 1775 386 1844 plagas
408 1772 564 1842 perferuntt
596 1789 651 1844 quo
675 1774 757 1828 modo
780 1771 837 1846 illi,
861 1772 908 1844 qui
931 1774 1002 1829 bene
1023 1773 1141 1831 instituti
1163 1781 1234 1846 sunt,

199 1879 325 1950 accipere
348 1880 458 1949 plagam
480 1879 585 1932 malunt
607 1895 690 1949 quam
711 1877 825 1949 turpiter
847 1881 950 1936 uitaret
974 1897 1057 1951 quam
1081 1897 1164 1953 saepe
1186 1899 1234 1953 ap·

197 1991 276 2057 paret
297 1985 366 2040 nibil
389 2000 436 2039 eos
452 1984 535 2038 malle
557 2000 638 2055 qnam
657 1985 703 2040 uel
726 1984 839 2040 domino
862 1985 1019 2042 satisfacere
1041 1989 1087 2042 uel
1109 1989 1233 2060 populo!

198 2091 311 2149 Mittunt
332 2091 413 2146 etiam
431 2090 598 2146 uulneribus
629 2089 744 2146 conlecti
767 2091 801 2146 ad
824 2091 967 2163 dominos,
1002 2093 1050 2164 qui
1084 2101 1232 2168 quaerant,

198 2198 264 2270 qnid
287 2198 388 2270 nel'int3
412 2198 435 2252 si
458 2198 522 2266 satis
544 2196 578 2253 iis
600 2198 702 2252 sactum
723 2196 773 2270 sit,
797 2214 826 2253 se
848 2199 921 2253 uolle
944 2199 1119 2256 decumbere.
1165 2202 1233 2271 Quis

197 2304 343 2360 mediocris
356 2304 490 2374 gladiator
509 2303 654 2374 ingemuit,
675 2302 736 2375 quis
760 2305 866 2359 uultum
888 2304 1003 2360 mutauit
1014 2322 1147 2380 unquam,
1170 2308 1233 2380 quis

95 2439 98 2444 ·
197 2429 253 2466 non
269 2412 358 2466 ,modo
380 2409 464 2483 stetit,
487 2427 585 2466 uerum
607 2410 687 2466 ctiam
698 2410 830 2464 decubuit
849 2412 975 2481 turpiter,
999 2411 1061 2483 quis
1073 2429 1160 2483 quum
1183 2415 1231 2469 de·

113 2590 120 2605 ἱ
197 2517 346 2591 cubuisset,
360 2517 463 2573 serrum
482 2516 605 2588 recipere
617 2516 708 2572 iussus
720 2517 823 2572 collum
835 2514 988 2573 contraxit?
1013 2519 1133 2575 Tardum
1152 2538 1231 2576 excr-

196 2624 296 2698 eitntio,
319 2623 468 2696 meditatio,
492 2625 662 2681 consuetudo
684 2626 766 2681 ualet.
805 2625 881 2694 Ergo
905 2624 957 2679 hoe
979 2625 1080 2695 poterit

279 2731 401 2804 Samnis,
424 2749 539 2803 spurcus
561 2733 652 2802 bomo,
675 2735 737 2788 ne'ta
759 2732 811 2787 illo
828 2733 927 2800 diptica
946 2730 1061 2802 locoque
1068 2749 1079 2801 ,·

194 2838 238 2892 nir
260 2845 338 2894 natus
361 2841 395 2894 ad
418 2839 533 2909 gloriam
556 2841 642 2893 ullam
664 2846 769 2910 partem
790 2836 873 2893 animi
896 2843 949 2891 tam
972 2840 1086 2893 mollem
1108 2838 1230 2909 habebit,

195 2962 277 3017 quam
300 2963 355 3005 non
378 2945 553 3001 meditatione
577 2953 603 3000 ct
624 2945 729 3001 ratione
759 2940 942 3000 corroboret?
975 2943 1096 2999 Crudele
1125 2945 1229 3015 gladia-

194 3057 285 3105 torum
297 3053 482 3122 spectaculum
495 3057 522 3106 et
533 3051 710 3107 inhnmanum
729 3050 871 3106 nonnullis
887 3048 977 3104 uideri
1000 3051 1080 3121 solet,
1105 3057 1133 3106 et
1155 3051 1230 3106 baud

194 3157 251 3212 scio
273 3175 308 3213 an
329 3157 365 3213 ita
388 3158 438 3230 sit,
470 3166 499 3214 ut
527 3175 598 3213 nurrc
621 3158 659 3213 lit.
703 3158 796 3224 Quum
818 3174 885 3213 nero
914 3162 1007 3212 sontes
1035 3157 1110 3212 ferro
1140 3157 1228 3228 depu-

193 3265 327 3336 gnabant,
355 3265 468 3320 auribus
491 3249 608 3321 fortasse
630 3265 757 3335 multae,
772 3263 860 3318 oculis
883 3263 995 3334 quidem
1017 3263 1094 3319 nulla
1122 3269 1231 3334 poterat

193 3390 253 3428 esse
277 3373 374 3428 sortior
396 3378 488 3427 contra
511 3367 636 3426 dolorem
658 3376 685 3426 et
706 3375 822 3426 mortem
845 3369 999 3440 disciplina.

277 3480 384 3535 XVlll.
406 3475 457 3535 42.
479 3479 521 3533 De
548 3476 743 3551 exercitatione
766 3482 792 3531 et
815 3474 1014 3532 consuetudine
1036 3481 1064 3529 et
1086 3491 1228 3530 common·

191 3578 292 3641 tatione
314 3587 381 3642 dixi.
425 3585 549 3658 Agesis,
568 3601 641 3640 nunc
662 3586 696 3640 de
719 3582 823 3639 ratione
844 3581 997 3653 uideamus,
1020 3580 1074 3635 nisi
1096 3580 1164 3653 qnid
1186 3581 1229 3638 uis

192 3692 226 3746 ad
249 3693 324 3749 baec.
357 3694 391 3748 Α.
414 3693 511 3762 Egone
533 3696 563 3746 ut
585 3696 611 3745 te
621 3684 820 3762 interpellem?
843 3689 884 3743 Ne
906 3689 960 3743 boc
977 3685 1090 3758 quidem
1111 3689 1225 3761 uellem,

191 3811 472 3824 Q—

258 3877 300 3925 40.
331 3881 413 3930 adbuc
430 3882 461 3931 d'e
480 3879 683 3944 consuetudine)
705 3881 737 3930 de
761 3890 831 3930 cona.
850 3880 932 3927 adbuc
951 3877 982 3927 Ο.
1018 3875 1142 3941 pugiles)
1165 3878 1226 3928 inde

190 3964 290 4025 pugiles
300 3962 354 4014 ΒΟ.
391 3965 574 4027 ingemiscunt)
592 3965 730 4025 ingemese.
740 3966 771 4013 ll.
807 3962 848 4011 41.
859 3961 1019 4025 consulatus]
1038 3963 1183 4011 consolatus
1194 3963 1225 4010 lt.

191 4049 282 4097 tactum
301 4046 351 4111 sit)
374 4049 389 4096 t.
409 4048 511 4096 nonsit
531 4046 561 4096 0.
606 4047 777 4110 decumbere)
803 4046 953 4095 decumbere
975 4048 1007 4095 R.
1046 4047 1227 4110 decubuisset)

190 4133 335 4183 decubisset
353 4133 393 4195 n,
411 4132 456 4180 sed
473 4142 540 4178 corr.
558 4131 586 4178 tn
604 4131 774 4181 decubuisset.
792 4126 873 4191 hund)
890 4130 973 4180 adbuc
991 4132 1021 4182 lt.
