2610 4634
204 273 248 335 52
410 286 640 331 nuscunarr.
674 285 1021 331 nrsrurnrrorunr

205 477 265 534 iere
286 477 387 548 rebus,
410 480 535 531 senescat
555 442 690 547 breuique
719 481 844 546 tempore
865 476 901 531 ad
921 474 1038 530 nibilum
1059 481 1178 533 uentura
1198 475 1243 532 ni·

175 615 176 618 =
205 583 310 639 deatur.
352 581 534 654 Philosophia
565 588 692 637 nascatur
722 582 827 637 Latinis
855 581 968 653 quidem
1000 580 1098 637 litteris
1131 599 1167 638 ex
1199 555 1243 638 his

204 689 394 761 temporibus,
417 705 533 762 eamque
555 705 606 743 nos
628 689 791 744 adiuuemus
813 704 921 761 nosque
942 687 1019 759 ipsos
1043 688 1175 760 redargui
1196 706 1243 745 re·

206 795 322 867 selinue
343 795 486 867 patiamur.
530 796 613 863 Quod
635 794 658 849 si
680 793 699 849 ii
722 795 813 851 ferunt
835 795 927 850 animo
949 795 1057 867 iniquo,
1080 795 1129 867 qui
1158 796 1240 852 certia

206 901 372 976 quibusdam
399 901 596 973 destinatisque
625 901 767 956 sententiis
795 901 874 973 quasi
907 901 1007 957 addicti
1034 908 1062 957 et
1089 901 1243 959 consecrati

203 1014 270 1064 sunt
290 1024 378 1080 eaque
406 1007 568 1064 necessitate
589 1008 746 1085 constricti,
773 1014 804 1063 ut
830 1009 912 1064 etiam
938 1024 1009 1080 quae
1038 1025 1095 1064 nnn
1123 1009 1243 1080 probare

203 1115 327 1185 soleant,
350 1131 381 1170 ea
400 1119 532 1184 cogantur
553 1114 722 1170 constantiae
740 1131 821 1170 causa
842 1115 1007 1170 defendere:
1029 1130 1103 1186 uos,
1126 1114 1176 1186 qui
1197 1129 1243 1170 se·

206 1220 317 1293 quimur
338 1220 493 1292 probabilia
515 1222 646 1276 uecultra
660 1213 775 1298 [quam]
794 1221 832 1293 id,
855 1222 931 1293 quod
952 1220 1122 1277 uerisimile
1145 1236 1243 1276 occur-

204 1325 256 1398 rit,
285 1327 417 1399 progredi
445 1343 610 1399 possumus,
640 1332 667 1382 et
695 1326 823 1384 refellere
852 1328 912 1384 sine
933 1326 1082 1399 pertinacia
1104 1333 1132 1382 et
1153 1326 1244 1383 refelli
1276 1340 1280 1345 ·

207 1433 266 1488 sine
288 1434 429 1490 iracundia
450 1433 535 1505 parati
562 1450 666 1489 sumus.

290 1538 319 1598 6.
352 1541 434 1608 Quod
457 1540 479 1596 si
502 1541 570 1597 haec
591 1540 680 1596 studia
696 1541 816 1596 traducta
839 1546 919 1595 erunt
940 1518 974 1594 a'd
996 1546 1118 1610 nostros,
1140 1556 1177 1596 ne
1198 1540 1243 1598 bi·

205 1623 352 1703 anonam
374 1648 486 1719 quidem
503 1647 616 1702 Graecis
632 1647 789 1720 egebimus,
803 1647 947 1721 rnqarnus
968 1647 1116 1702 maranno
1137 1645 1244 1730 inania

205 1752 340 1808 librorum
377 1759 490 1824 propter
522 1768 619 1808 eorum
651 1759 694 1809 est
724 1753 942 1826 multitudinem,
980 1752 1030 1824 qui
1063 1751 1244 1823 scripserunt.

113 1848 116 1853 ’
205 1858 312 1913 Eadem
328 1857 402 1913 enim
419 1859 547 1914 dicuntur
564 1875 579 1913 a
597 1859 701 1932 multis,
723 1876 756 1914 er
773 1875 829 1930 quo
846 1861 925 1915 libris
949 1857 1041 1914 omnia
1062 1858 1245 1916 referserunt

144 1968 146 1983 ¹
204 1964 288 2032 Quod
311 1964 416 2020 accidet
438 1965 519 2020 etiam
541 1965 654 2038 nostris,
678 1965 702 2020 si
724 1965 758 2020 ad
781 1967 849 2021 baec
871 1965 970 2021 studia·
982 1966 1077 2035 plures
1100 1966 1244 2022 conllure·

206 2069 269 2125 rint.
287 2134 298 2150 ,
313 2071 369 2125 Sed
392 2088 451 2142 cos,
474 2071 498 2127 si
520 2068 684 2143 possumus,
709 2071 873 2145 excitemus,
897 2073 945 2143 qui
968 2071 1120 2127 liberaliter
1143 2070 1244 2128 eruditi

206 2176 325 2233 adbibita
338 2177 420 2234 etiam
439 2178 593 2233 disserendi
610 2177 744 2247 elegantia
764 2178 869 2234 ratione
887 2185 914 2233 et
936 2178 980 2234 uia
1002 2177 1243 2249 philosophantur.

206 2284 257 2338 111.
291 2283 319 2340 7.
350 2284 401 2339 Est
422 2284 496 2340 enim
519 2285 657 2356 quoddam
681 2301 768 2355 genus
791 2302 903 2358 eorum,
933 2284 1035 2356 quise
1058 2283 1243 2355 philosophos

203 2388 340 2460 appellari
360 2391 467 2460 uolunt,
490 2407 609 2461 quorum
631 2390 758 2445 dicuntur
780 2407 842 2446 esse
861 2389 948 2446 Latini
967 2407 1033 2446 sane
1055 2390 1135 2445 multi
1158 2389 1241 2464 libri,

125 2479 128 2485 ¹
206 2513 276 2569 quos
299 2513 355 2552 uon
378 2503 522 2552 contemno
544 2497 691 2568 equidem,
719 2496 823 2569 quippe
851 2513 922 2569 quos
942 2513 1085 2568 nunquam
1107 2496 1242 2569 legerim3

206 2604 255 2659 sed
277 2605 341 2676 quia
363 2604 526 2676 profitentur
547 2603 601 2674 ipsi
622 2603 679 2674 illi,
709 2603 757 2674 qui
787 2619 836 2659 eos
864 2603 1003 2674 scribunt,
1031 2619 1175 2674 seneque
1198 2602 1242 2661 di-

206 2711 302 2765 stincte
324 2727 414 2782 neque
436 2711 581 2766 distribute
604 2726 693 2781 neque
715 2709 855 2779 eleganter
877 2725 967 2780 neque
990 2715 1085 2765 ornate
1107 2708 1243 2783 scribere,

207 2817 351 2871 lectionem
373 2817 432 2871 sine
455 2818 512 2871 ulla
534 2817 715 2871 delectatione
737 2815 859 2885 negligo.
910 2814 984 2882 Quid
1007 2814 1080 2871 enim
1101 2815 1196 2872 dicant
1216 2822 1245 2872 et

206 2922 273 2994 quid
296 2921 414 2977 sentiant
434 2920 464 2992 ii,
488 2920 535 2993 qui
558 2922 676 2976 suntab
699 2938 731 2976 aa
752 2920 908 2995 disciplina,
930 2938 1012 2978 tremo
1035 2937 1070 2977 ne
1091 2922 1242 2978 mediocri·

206 3032 248 3081 ter
269 3026 381 3098 quidem
403 3027 500 3082 doctus
521 3027 639 3097 ignorat.
682 3027 870 3094 Quamobrem
892 3028 1034 3101 quoniam,
1059 3028 1242 3099 quemadmo-

206 3133 272 3187 dum
293 3132 393 3202 dicant,
415 3131 469 3203 ipsi
495 3149 550 3187 non
573 3134 707 3205 laborant,
731 3150 780 3190 cur
801 3133 912 3205 legendi
935 3133 999 3205 sint,
1022 3132 1075 3188 nisi
1098 3132 1151 3203 ipsi
1170 3106 1244 3191 inter

141 3233 144 3239 ’
203 3246 253 3310 se,
276 3237 324 3310 qui
345 3237 419 3292 idem
441 3238 578 3312 sentiunt,
610 3256 664 3295 non
686 3239 822 3310 intelligo.
876 3238 906 3298 8.
935 3240 1005 3296 Nam
1033 3244 1063 3294 ut
1078 3296 1081 3307 ,
1095 3239 1243 3297 Platonem
1272 3294 1274 3299 .

205 3344 384 3417 reliquosque
412 3344 566 3400 Socraticos
595 3349 623 3399 et
650 3345 781 3418 deinceps
810 3363 876 3418 eos,
909 3346 958 3418 qui
991 3347 1025 3402 ab
1058 3345 1101 3401 bis
1123 3345 1244 3416 profecti

135 3431 138 3437 ’
206 3457 285 3525 sunt,
307 3453 405 3522 legunt
426 3467 532 3521 omnes,
555 3450 637 3505 etiam
659 3451 707 3522 qui
729 3454 777 3508 illa
797 3459 921 3512 autnon
942 3453 1097 3524 approbant
1116 3457 1163 3507 aut
1184 3469 1243 3509 nou

204 3557 406 3613 studiosissime
428 3562 630 3629 consectantur,
647 3552 799 3629 Epicurum
820 3565 912 3615 autem
934 3557 1163 3617 etMetrodorum
1184 3574 1242 3615 non

205 3661 264 3718 iere
285 3670 393 3733 praeter
408 3679 480 3719 suos
503 3650 650 3735 quisquam
677 3663 706 3719 in
733 3680 832 3720 manus
860 3665 960 3723 sumit:
991 3665 1030 3720 sic
1053 3664 1105 3720 bos
1124 3663 1242 3720 Latinos

272 3929 361 3990 rebus,
386 3933 522 3996 senescat)
548 3941 664 3985 senescat
680 3937 756 3986 rebus
773 3936 806 3988 n.
848 3934 923 3994 Quod
949 3934 973 3982 si
1000 3933 1040 3995 ii)
1066 3934 1141 3994 Quod
1163 3935 1181 3983 it
1207 3934 1240 3988 Ο.

171 4038 174 4042 ·
206 4008 323 4074 [quam])
339 4015 394 4061 tine
411 4017 548 4066 abablio.
578 4019 697 4080 occurrit)
716 4019 852 4068 occurrerit
869 4015 899 4064 0.
934 4016 960 4068 6.
979 4016 1157 4080 corrtlurerint)
1175 4032 1242 4069 con-

205 4095 329 4144 tlurerunt
345 4097 377 4146 R.
414 4098 438 4146 t.
458 4102 607 4164 contemno)
624 4115 674 4154 om.
692 4102 725 4152 R:
758 4114 791 4151 ne
809 4098 985 4175 mediocriter)
1001 4100 1163 4153 mediocriter
1181 4101 1240 4154 ΒΟ.
