2610 4634
442 283 517 328 cre.
541 270 577 327 u.
621 282 703 328 cnr.
724 267 860 349 25-26.
1128 268 1167 330 75

132 490 218 547 quaem
240 479 271 531 ut
297 471 415 528 uidisset
443 479 470 528 et
496 471 670 528 salutauisset
699 471 915 544 honorificisque
943 471 1037 528 uerbis
1070 489 1168 544 prose-

132 587 212 639 cutus
234 586 309 637 esset
328 580 500 651 molesteque
523 595 553 635 sc
574 577 690 634 dixisset
707 578 790 650 serre,
814 580 890 652 quod
912 595 975 633 eum
998 595 1054 634 non
1075 585 1171 650 posset

130 688 246 760 audire3
269 692 296 742 at
317 685 382 770 ine?
406 686 449 740 Tu
472 700 549 757 uero,
571 684 670 758 inquit,
684 691 773 757 potes,
786 702 837 741 nec
855 685 1032 758 committam,
1045 692 1075 741 ut
1089 686 1171 741 dolor

131 794 260 866 corporis
282 792 402 863 ellieiat,
431 796 462 847 ut
483 790 585 846 frustra
607 797 697 847 tantus
719 791 763 847 uir
785 791 820 846 ad
841 808 885 847 me
908 793 1024 847 uenerit.
1072 792 1170 863 ltaque

131 900 260 956 narrabat
281 916 346 955 eum
367 896 488 969 grauiter
512 904 539 953 et
565 896 678 968 copiose
701 898 735 953 de
758 899 810 953 hoc
832 898 910 971 ipso,
939 899 1007 954 nihil
1034 914 1096 955 csse
1117 899 1169 954 bo·

131 990 210 1079 urim,
232 1005 287 1061 uisi
314 1005 389 1077 quod
411 1011 484 1060 esset
505 1004 660 1075 honestum,
684 1004 828 1059 cubantem
851 1003 1045 1078 disputauisse,
1068 1019 1171 1076 quum-1

132 1129 188 1186 quc
210 1108 291 1185 quasi
313 1111 386 1168 faces
405 1110 435 1167 'ei
457 1110 561 1167 doloris
585 1110 816 1182 admouerentur,
840 1127 922 1182 saepe
944 1110 1064 1166 dixisse:
1093 1108 1170 1164 Nihil

130 1219 202 1291 agis,
220 1218 322 1290 dolor3
346 1217 472 1291 quamuis
495 1215 532 1272 sis
555 1219 699 1288 molestus,
723 1232 864 1288 uunquam
886 1225 911 1272 te
934 1233 995 1273 esse
1018 1216 1170 1271 confitebor

128 1326 245 1382 malum.

216 1431 323 1487 XXVI.
357 1427 407 1489 (32.
443 1428 620 1501 Omninoque
643 1446 739 1485 omncs
763 1428 828 1484 clari
852 1435 878 1483 et
900 1428 1035 1484 nobilitati
1059 1429 1169 1483 labores

129 1538 321 1595 contendendo
343 1539 412 1593 liunt
433 1535 514 1592 etiam
535 1535 702 1591 tolerabiles.
747 1535 925 1604 Uidemusne,
943 1540 982 1599 ut,
1004 1534 1076 1606 apud
1100 1550 1170 1606 quos

129 1661 228 1701 eorum
264 1642 410 1714 ludorum',
449 1642 498 1715 qui
535 1641 657 1715 gymnici
691 1641 881 1711 nominantur,
925 1658 1041 1712 maguus
1081 1641 1170 1695 bonos

129 1752 175 1823 sit,
198 1723 306 1808 nullum
328 1751 362 1807 ab
384 1748 428 1821 iis,
452 1747 499 1821 qui
521 1749 550 1803 in
572 1748 600 1803 id
624 1753 762 1803 certamen
780 1748 956 1819 descendant,
982 1746 1095 1803 deuitari
1119 1747 1171 1801 do·

128 1854 241 1915 iorem?
275 1858 356 1929 Apud
385 1872 456 1928 quos
484 1861 575 1911 autern
604 1855 724 1910 uenandi
757 1860 783 1910 et
816 1853 956 1925 equitandi
990 1856 1049 1909 laus
1085 1844 1170 1924 uiget,

130 1965 178 2038 qui
201 1964 272 2020 hanc
294 1969 452 2035 petessant,
475 1963 582 2017 nullum
605 1960 714 2032 fugiunt
736 1962 872 2017 dolorem.
916 1960 990 2028 Quid
1012 1962 1047 2016 de
1069 1960 1172 2016 uostris

131 2069 341 2141 ambitionibus,
364 2068 431 2142 quid
453 2068 487 2123 de
510 2066 657 2139 cupiditate
676 2068 813 2123 honorum
830 2064 950 2139 loquar?
974 2084 1044 2139 quae
1064 2068 1171 2122 flamma
1229 2041 1251 2055 Ἰ

130 2184 188 2249 est,
211 2193 263 2249 per
284 2192 368 2248 quam
389 2191 444 2230 non
470 2175 640 2229 cucurrerint
660 2173 696 2246 ii,
727 2173 774 2246 qui
803 2174 871 2228 haec
893 2173 960 2228 olim
982 2174 1089 2244 punctis
1113 2174 1171 2228 sin-

130 2284 203 2356 gulis
222 2278 422 2353 colligebant?
455 2282 551 2353 Itaque
580 2296 690 2351 semper
712 2272 857 2335 Africanus
881 2281 1051 2335 Socraticum
1073 2279 1171 2334 Xeno·

128 2391 262 2463 phontem
284 2387 313 2443 in
335 2387 462 2444 manibus
484 2387 617 2458 habebat,
652 2386 730 2442 cuius
758 2387 787 2443 in
809 2386 905 2458 primis
934 2387 1063 2442 laudabat
1089 2385 1171 2457 illud,

131 2497 207 2569 quod
229 2495 335 2550 diceret
356 2495 470 2550 eosdem
492 2494 602 2550 labores
624 2510 678 2549 non
701 2511 789 2566 aeque
812 2510 910 2563 graues
933 2510 994 2549 esse
1011 2492 1171 2565 imperatori

131 2609 158 2660 ct
178 2601 275 2674 militi,
299 2601 375 2674 quod
396 2600 457 2672 ipse
479 2601 570 2657 bonos
593 2601 717 2657 laborem
740 2601 875 2656 leuiorem
897 2601 999 2656 laceret
1021 2600 1172 2670 imperato-

130 2709 211 2765 rium.
256 2705 305 2766 63.
329 2707 502 2781 Sed,tamcn
525 2707 578 2763 hoe
600 2706 706 2779 euenit,
734 2714 765 2763 ut
794 2707 823 2763 iu
852 2709 953 2777 uulgus
982 2705 1171 2778 insipientium
1222 2701 1226 2707 ’

131 2815 227 2888 opinio
250 2816 341 2871 ualeat
362 2814 521 2886 honestatis,
546 2830 631 2885 quum
653 2813 741 2885 ipsam
764 2813 859 2869 uidere
882 2830 937 2868 non
960 2812 1076 2885 possint.
1116 2814 1171 2867 lta-

109 2939 185 2995 ·quc
209 2921 282 2978 fama
302 2928 331 2976 et
351 2920 533 2975 multitudinis
557 2920 659 2976 iudicio
681 2928 845 2992 mouentur,
868 2937 952 2992 quum
976 2921 1004 2976 id
1025 2921 1172 2975 honestum

131 3034 237 3102 putent,
261 3026 336 3098 (ruod
358 3044 375 3082 a
396 3027 537 3100 plerisque
560 3027 695 3082 laudetur.
735 3028 775 3083 Te
799 3034 899 3098 autem,
924 3027 996 3083 siin
1020 3027 1109 3082 oculis
1133 3025 1173 3081 sis

129 3131 324 3205 multitudinis,
347 3136 438 3190 tamen
460 3132 519 3189 eius
543 3132 644 3189 iudicio
668 3138 739 3188 stare
763 3135 849 3191 nolim
872 3152 932 3208 nce,
953 3135 1028 3206 quod
1051 3133 1097 3188 illa
1120 3149 1172 3203 pu-

129 3247 177 3313 tet,
200 3239 275 3295 idem
297 3244 392 3310 putare
414 3214 641 3310 pulcherrimum.
683 3241 744 3296 Tuo
766 3240 816 3296 tibi
839 3241 940 3296 iudicio
963 3247 1005 3296 est
1022 3240 1172 3308 utendum;

129 3347 179 3403 tihi
202 3345 227 3402 si
250 3351 322 3401 recta
343 3346 471 3416 probanti
494 3346 626 3418 placebis,
649 3352 707 3403 tum
730 3365 785 3403 non
808 3349 890 3403 modo
904 3345 1079 3417 teteuiceris,
1094 3344 1172 3415 qnod

129 3455 226 3527 paullo
249 3459 310 3508 ante
333 3452 545 3529 praecipiebam,
569 3453 620 3511 sed
641 3470 738 3509 omncs
761 3462 788 3509 et
810 3455 912 3509 omnia.
947 3451 996 3510 64.
1009 3453 1072 3506 Hoc
1090 3449 1173 3520 igitur

135 3638 437 3647 u—-—-—--—---.

199 3771 442 3832 neccommittam)
469 3773 639 3823 necomitam
659 3773 712 3821 ΒΡ.
759 3778 827 3822 esset
843 3769 993 3836 honesturn)
1011 3773 1035 3820 lr.
1054 3776 1121 3820 esset
1140 3769 1173 3821 0.

131 3855 315 3917 disputanissc)
334 3856 512 3905 discubauisse
529 3858 559 3906 P.
596 3857 638 3906 62.
657 3855 845 3919 contendendo]
864 3863 1015 3917 contempno
1031 3857 1084 3904 ΒΡ.
1120 3857 1169 3904 Ul-

130 3941 263 4003 dcmusne,
284 3938 325 4002 ut)
342 3941 539 3990 uinernesneo
576 3953 693 4003 magnus)
713 3954 818 4002 magnos
837 3941 890 3988 RP.
932 3941 1101 4004 cucurrerint)
1120 3952 1175 3989 cri-¹

130 4031 261 4074 currerunt
278 4025 309 4072 ll.
354 4037 433 4085 aenne
451 4038 541 4085 graues
560 4025 629 4089 esse)
658 4039 715 4075 esse
733 4038 813 4085 acque
830 4025 915 4085 grauis
932 4037 990 4075 esse
1015 4025 1065 4074 ΗΡ,
1110 4037 1167 4074 csse
1245 4016 1257 4051 ¹

131 4121 209 4169 aeque
228 4108 359 4169 granoso.
385 4109 425 4158 63.
446 4109 544 4171 uidere)
555 4111 635 4161 uideri
646 4112 689 4159 ΒΡ
716 4123 794 4172 quarn
814 4106 958 4174 id)utid0
994 4108 1056 4169 tete)
1073 4115 1124 4157 tute
1136 4109 1163 4155 P.
