2610 4634
130 287 191 351 112
342 299 965 348 rrrscnr.an.nrsrurarronum

129 493 243 567 quidem
263 492 384 565 uidetur,
407 507 493 564 quum
514 491 568 546 hoc
585 489 677 561 ipsum
698 489 812 563 proprie
835 507 891 547 non
913 500 1103 564 quaereretur
1121 495 1171 553 hoc

129 607 271 672 tempore,
300 614 366 655 num
394 597 470 671 quod
491 602 565 654 esset
585 599 704 671 malum,
734 598 788 654 nisi
811 599 887 670 quod
916 598 992 655 idem
1016 601 1074 658 dici
1096 608 1172 675 turpe

129 712 235 781 posset,
257 712 349 762 tamen
370 711 400 761 ut
420 705 588 768 uideremus.
611 703 744 777 quicquid
766 711 840 761 osset
861 705 890 762 iu
909 706 1089 778 aegritudine
1099 710 1171 784 mali,

130 815 159 871 id
181 831 237 870 non
259 813 381 869 naturale
403 828 476 884 esse,
499 811 549 867 sed
571 811 730 868 uoluntario
753 811 855 868 iudicio
873 819 901 869 et
916 813 1064 885 opinionis
1081 834 1172 874 errore

132 926 308 978 contractum.
362 916 411 976 81.
443 919 601 974 Tractatum
630 923 673 973 est
700 925 790 974 autem
818 919 938 976 anobis
962 921 992 976 id
1015 938 1106 993 genus
1127 941 1171 980 ae-

131 1025 293 1100 gritudinis,
322 1025 399 1097 quod
427 1041 512 1080 unum
535 1030 577 1080 est
598 1027 723 1082 omnium
745 1025 913 1100 maximum,
947 1033 979 1084 ut
1007 1045 1043 1084 eo
1067 1031 1172 1088 sublato

131 1134 304 1205 reliquorum
325 1130 447 1187 remedia
469 1148 504 1187 ue
526 1147 628 1202 magno
652 1148 737 1203 opere
758 1133 918 1203 quaerenda
940 1135 1151 1193 arbitraremur.

215 1239 350 1295 XXXIV.
373 1238 444 1293 Sunt
464 1236 538 1294 enim
561 1243 644 1311 certa,
667 1254 738 1311 quae
760 1239 795 1293 de
814 1246 988 1313 paupertate,
998 1250 1087 1317 certa,
1104 1261 1172 1317 quae

132 1348 167 1403 de
189 1345 245 1403 uita
272 1346 435 1401 inhonorata
464 1351 491 1401 et
518 1343 637 1417 ingloria
664 1344 719 1401 dici
747 1347 869 1420 soleant;
905 1348 1057 1419 separatim
1086 1356 1173 1408 certae

133 1454 244 1512 scholae
267 1459 331 1510 sunt
352 1452 386 1508 de
415 1450 515 1525 exilio,
544 1453 578 1507 de
600 1451 712 1508 interitu
743 1452 864 1526 patriae,
894 1453 929 1510 de
959 1457 1112 1531 seruitute,
1140 1458 1173 1515 de

133 1561 288 1634 debilitate,
318 1559 352 1615 de
380 1558 526 1633 caecitate,
560 1559 594 1614 de
617 1557 694 1614 omni
716 1575 799 1632 casu,
830 1560 860 1615 in
890 1578 946 1633 quo
975 1579 1082 1620 nomen
1109 1563 1174 1636 ponl

112 1670 206 1727 xsolet
227 1665 395 1723 calamitatis.
449 1666 527 1722 Haec
549 1665 647 1722 Graeci
676 1665 705 1721 in
734 1665 857 1737 singulas
881 1667 992 1724 scholas
1015 1676 1044 1726 et
1064 1671 1095 1726 in
1116 1671 1173 1728 sin·

134 1776 216 1848 gulos
237 1774 325 1829 libros
347 1771 527 1845 dispertiunt3
550 1789 620 1845 opus
637 1772 711 1829 enim
729 1780 880 1846 quaerunt;
904 1791 1066 1848 quanquam
1076 1779 1174 1851 plenae

135 1879 334 1952 disputationes
357 1878 547 1935 delectationis
570 1850 642 1935 sunt.
685 1877 737 1938 82.
765 1880 802 1936 Et
827 1885 918 1937 tamen
940 1887 971 1938 ut
993 1884 1098 1941 medici
1118 1890 1174 1942 toto

134 2002 252 2058 corpore
274 1985 394 2040 curando
417 1985 546 2042 minimae
568 1987 650 2042 etiam
671 1988 756 2061 parti,
791 1986 814 2042 si
836 1989 995 2063 condoluit,
1017 1993 1173 2080 medentur,

135 2093 175 2151 sic
197 2091 374 2165 philosophia
396 2109 482 2165 quum
503 2093 663 2149 uniuersam
692 2093 893 2164 aegritudinem
921 2096 1051 2171 sustulit,
1084 2105 1174 2155 tamen

136 2201 161 2258 si
182 2200 245 2274 quis
268 2217 346 2256 error
367 2194 477 2256 aliunde
500 2199 602 2272 extitit,
631 2199 655 2257 si
682 2206 828 2272 paupertas
849 2201 1018 2279 momordit,
1048 2204 1074 2260 si
1094 2204 1175 2278 igno-

136 2309 220 2366 minia
242 2306 369 2380 pupugit,
392 2308 415 2364 si
437 2307 505 2380 quid
526 2307 703 2364 tenebrarum
725 2306 823 2364 offudit
843 2309 975 2383 exilium,
999 2317 1046 2369 aut
1067 2329 1174 2386 eorum,
1214 2368 1216 2373 .

137 2433 208 2489 quae
229 2414 312 2470 modo
335 2413 402 2488 diri,
425 2415 449 2470 si
471 2414 538 2487 quid
560 2413 656 2487 extitit,
675 2413 847 2485 singularum
864 2433 958 2473 rerum
970 2426 1036 2475 sunt
1046 2419 1176 2492 propriae

137 2522 355 2597 consolationes,
379 2523 414 2578 de
436 2520 537 2594 quibus
559 2521 654 2578 audies
676 2527 705 2578 tu
727 2521 856 2596 quidem,
880 2540 966 2596 quum
988 2527 1097 2582 uoles.
1120 2526 1176 2583 Sed

137 2632 173 2688 ad
195 2632 313 2688 eundem
334 2630 439 2687 iontem
460 2629 654 2686 reuertendum
678 2634 729 2702 est,
753 2629 954 2700 aegritudinem
970 2648 1091 2688 omnem
1108 2648 1174 2706 pro·

138 2740 183 2797 cul
205 2739 303 2795 abesse
325 2755 341 2794 a
363 2737 495 2811 sapiente,
519 2737 595 2809 quod
611 2735 700 2792 inanis
719 2737 763 2810 sit,
787 2737 863 2808 quod
879 2737 981 2794 irustra
998 2741 1175 2813 suscipiatur,

139 2847 215 2918 quod
237 2862 293 2901 non
314 2852 409 2902 natura
431 2843 580 2917 exoriatur,
603 2844 652 2900 sed
674 2842 787 2917 iudicio,
811 2843 860 2900 sed
882 2843 1025 2918 opinione,
1044 2847 1175 2919 aedqua-

139 2952 383 3009 daminuitatione
406 2952 440 3008 ad
466 2950 634 3022 dolendum,
665 2966 751 3022 quum
778 2949 806 3006 id
828 2950 1034 3008 decreuerimus
1056 2953 1095 3009 ita
1116 2952 1176 3010 fieri

140 3064 277 3129 oportere.
320 3055 371 3116 83.
393 3057 456 3112 Hoc
477 3056 610 3130 detracto,
634 3056 709 3128 quod
734 3062 822 3113 totum
844 3062 886 3113 est
906 3059 1106 3134 uoluntarium,
1128 3079 1175 3117 ae·

139 3164 249 3237 gritudo
272 3163 324 3220 erit
344 3164 451 3220 sublata
472 3163 519 3220 illa
541 3180 683 3237 maerens;
706 3180 815 3220 morsus
838 3169 928 3220 tamma
946 3171 974 3222 et
990 3168 1176 3225 contractiun-

140 3275 219 3331 culae
241 3272 377 3346 quaedam
397 3270 481 3329 animi
499 3271 700 3344 relinquentur.
732 3271 994 3328 Hancdicantsane
1011 3276 1176 3348 naturalem,

140 3382 207 3438 dum
228 3379 408 3453 aegritudinis
430 3395 532 3435 nomen
553 3379 625 3436 absit
646 3395 747 3453 graue,
771 3384 904 3452 taetrum,
927 3379 1077 3455 funestum,
1100 3381 1177 3455 quod

140 3506 204 3547 cum
226 3487 359 3562 sapientia
381 3505 443 3546 esse
465 3493 561 3562 atque,
590 3493 621 3544 ut
647 3486 684 3545 ita
712 3486 817 3561 dicam,
846 3487 969 3544 hahitare
990 3489 1070 3544 nullo
1092 3489 1176 3545 modo

139 3636 443 3652 Ἢ

210 3714 383 3783 quaereretur)
406 3725 540 3780 quaeretur
556 3719 585 3768 P.
630 3731 692 3768 num
710 3716 792 3783 quod)
811 3732 878 3769 nunc
897 3718 937 3784 qd
954 3719 985 3770 tt.
1024 3732 1093 3770 nunc
1115 3720 1179 3782 quis

140 3799 199 3848 dem
217 3801 246 3850 P.
284 3800 366 3866 esset)
383 3815 440 3852 esse
453 3802 483 3852 P.
518 3803 560 3852 al.
578 3803 682 3866 plenae)
701 3803 781 3865 plane
798 3803 830 3856 ll.
865 3805 940 3866 plane
957 3805 987 3853 P.
1023 3805 1178 3867 disputatio-

140 3881 202 3946 nes)
219 3885 400 3948 disputationis
417 3878 470 3937 ar.
506 3888 555 3938 del.
573 3886 647 3951 sunt)
664 3894 724 3937 sunt
743 3889 793 3940 del.
806 3888 836 3939 0.
871 3889 912 3939 82.
932 3889 954 3938 si
976 3889 1121 3954 condoluit)
1138 3891 1177 3940 sic

141 3967 214 4018 cond.
228 3968 258 4016 P.
285 3968 404 4036 pupugit)
421 3973 521 4036 pupigit
537 3973 579 4037 R,
596 3974 642 4022 aed
661 3987 728 4023 corr.
745 3975 774 4022 tn
794 3976 907 4035 pupugit
926 3980 1001 4036 quae)
1019 3988 1127 4037 queque
1145 3975 1177 4024 lt.

141 4063 241 4115 queque
249 4052 278 4101 P.
307 4054 401 4119 extitit)
415 4059 495 4107 extitit
512 4063 538 4108 et
553 4058 638 4109 sillP.
674 4059 776 4124 exstitit,
788 4055 826 4121 [ct
840 4055 877 4122 si]
889 4056 920 4108 0.
947 4058 989 4108 cs.
1004 4061 1176 4111 contractiun-

142 4138 506 4204 culae-relinquentuosr'c
517 4143 583 4193 Noa.
597 4157 626 4206 p.
643 4140 689 4193 92.
713 4142 1176 4206 contractiuncula·-relinqueturO.
