2610 4634
460 287 536 333 nro.
552 275 596 332 lt.
640 270 879 333 cento-21.
1141 274 1182 336 oe

141 475 325 550 honestatem,
337 490 421 550 quem
442 475 563 549 leudem,
587 490 669 548 quom
692 474 863 548 dignitatem,
875 477 1063 549 quamdecus.
1096 477 1182 536 Hisce

141 600 198 656 ego
220 583 347 656 pluribus
368 582 526 640 nominihus
547 597 631 639 unnm
652 597 712 637 rem
729 582 862 638 declarari
883 583 961 654 uolo,
984 583 1032 640 sed
1055 589 1127 657 utor,
1150 592 1182 642 ut

139 690 229 762 quem
257 690 375 746 maxime
403 674 584 760 significem,
605 686 742 758 pluribus.
785 689 857 747 Uolo
879 695 969 745 nutem
991 688 1083 747 dicere
1111 691 1181 747 illud

141 795 355 867 hominilouge
377 796 513 868 optimum
534 811 606 865 esse,
630 795 704 866 quod
727 795 818 865 ipsum
841 794 877 851 sit
897 796 1046 867 optandum
1068 813 1118 867 per
1140 813 1180 867 so,
1213 850 1216 871 ,

98 882 103 889 .
139 920 158 959 a
182 901 282 959 uirtute
304 901 460 974 protectum
482 901 529 956 uel
551 899 579 955 in
602 898 661 971 ipso
684 898 784 956 uirtute
806 900 905 975 situm,
929 918 977 957 sun
1000 908 1098 972 sponte
1120 904 1180 959 lau·

140 1007 247 1080 debile,
270 1009 347 1080 quod
369 1006 481 1080 quidem
504 1005 584 1062 citius
608 1005 725 1089 dixerim
747 1007 842 1073 solum
860 1024 943 1080 quam
964 1024 1021 1063 non
1043 1024 1181 1064 summum

139 1115 257 1172 honum.
301 1114 391 1187 Atque
417 1118 449 1168 ut
469 1112 537 1168 hoec
559 1112 593 1166 de
616 1112 750 1184 honesto,
783 1112 824 1168 sie
857 1114 891 1170 de
924 1113 997 1185 turpi
1030 1113 1180 1188 eontrarin3

138 1220 211 1278 nihil
235 1225 290 1276 tdm
312 1224 446 1293 taetrum,
468 1217 538 1274 nihil
560 1224 614 1274 tem
637 1219 857 1293 aspernandum,
879 1206 948 1276 nihil
970 1210 1083 1277 homine
1107 1221 1179 1277 indi·

139 1327 233 1399 gntus.
365 1400 369 1417 ,
1073 1330 1081 1337 “

224 1430 277 1491 47.
311 1430 393 1500 Quod
418 1429 441 1489 si
470 1431 520 1489 tihi
547 1446 711 1505 persuasum
733 1437 776 1488 est
807 1432 959 1505 (principio
987 1433 1061 1490 enim
1087 1434 1180 1492 dixisti

138 1539 204 1612 plus
233 1537 428 1623 in-dedecore
449 1537 514 1594 moli
537 1537 587 1594 tihi
609 1535 699 1594 uideri
729 1555 811 1610 quom
833 1538 862 1593 in
884 1531 1015 1614 dolore),
1041 1539 1180 1612 reliquum

139 1652 201 1719 est,
229 1650 261 1702 ut
281 1650 338 1702 tute
359 1643 410 1701 tihi
431 1643 561 1715 imperes.
605 1645 771 1716 Quanquam
804 1644 859 1700 hoe
886 1645 981 1701 nescio
1010 1661 1066 1716 quo
1095 1647 1179 1704 modo

139 1751 263 1825 dicatur,
285 1750 365 1824 quasi
387 1750 443 1806 duo
466 1749 569 1823 simus,
592 1748 713 1806 ut'nlter
733 1751 866 1823 imperet,
888 1752 958 1808 alter
978 1758 1088 1823 parent3
1122 1769 1178 1809 non

139 1859 238 1915 inscite
260 1864 351 1915 tamen
374 1855 481 1913 dieitur.
525 1857 604 1912 xxt.
622 1833 677 1912 Est
698 1855 772 1912 enim
794 1857 901 1913 animus
924 1857 952 1913 in
976 1865 1067 1930 partes
1090 1858 1185 1925 tribua
1208 1918 1212 1923 ,

139 1972 184 2023 tus
212 1966 302 2038 duos,
327 1979 443 2036 quarum
465 1950 549 2019 altero
579 1962 694 2019 rollonis
717 1969 758 2019 est
779 1963 933 2037 particeps,
956 1966 1041 2021 ultera
1069 1981 1178 2037 expers.

137 2073 233 2142 Quum
250 2070 335 2142 igitur
346 2067 523 2143 praecipitur,
541 2075 571 2125 ut
582 2068 720 2127 nobismet
736 2068 805 2140 ipsis
817 2070 1007 2144 imperemus,
1020 2072 1073 2126 hoc
1095 2087 1177 2142 prue-

138 2178 255 2252 oipitur,
282 2182 314 2233 ut
340 2175 408 2232 rntio
431 2176 556 2231 eohreeot
576 2174 766 2231 temeritatem.
808 2176 860 2231 Est
876 2175 910 2234 ¹in
932 2176 1031 2232 animis
1054 2176 1178 2234 omnium

139 2284 198 2342 fere
209 2281 553 2355 naturamollequiddnm,
565 2281 728 2355 demissum,
740 2281 854 2355 humile,
872 2288 1033 2338 eneruatum
1054 2283 1177 2355 quodam
1200 2302 1208 2315 ·

136 2391 222 2448 modo
244 2397 272 2446 et
300 2389 470 2460 languidum.
515 2388 545 2444 Si
578 2388 617 2444 nil
649 2395 722 2444 esset
744 2388 835 2461 aliud,
865 2388 934 2444 nihil
964 2395 1037 2445 esset
1065 2388 1177 2446 homine

137 2497 301 2555 deformius.
345 2489 401 2552 s'eu
429 2500 539 2566 praesto
562 2499 605 2550 est
626 2493 737 2549 dominu
760 2486 883 2550 omnium
914 2500 948 2550 et
971 2494 1066 2565 regine
1095 2495 1179 2571 rntio,

137 2621 209 2679 quoe
237 2602 353 2660 connixa
382 2618 433 2673 per
454 2618 484 2657 se
506 2608 534 2656 et
554 2616 703 2672 progressa
732 2601 843 2670 longius
870 2600 901 2655 fit
929 2600 1050 2670 perfecta
1078 2601 1177 2656 uirtus.

136 2711 215 2767 Haeo
243 2715 275 2766 nt
301 2708 419 2780 imperet
439 2706 490 2764 illi‘
502 2706 572 2779 porti
594 2706 694 2780 nnimi,
723 2723 794 2778 queo
816 2704 931 2760 obedire
954 2706 1050 2778 dehet,
1072 2706 1100 2761 id
1131 2706 1174 2762 ui-

137 2816 260 2873 dendum
282 2821 324 2871 est
344 2813 417 2871 uiro.
459 2811 510 2872 48.
533 2813 660 2881 Quonam
691 2809 801 2868 modo?
834 2811 954 2884 inquies.
1001 2813 1051 2870 Uel
1073 2818 1103 2867 ut
1124 2813 1176 2868 do·

136 2923 229 2980 minus
255 2938 338 2978 seruo
371 2922 416 2976 uel
446 2924 476 2976 ut
503 2919 654 2992 imperator
675 2918 757 2975 militi
786 2919 831 2974 uel
854 2923 884 2973 ut
905 2935 1006 2990 parens
1030 2918 1099 2974 lilio.
1144 2917 1174 2974 Si

136 3027 298 3099 turpissime
325 3043 356 3082 se
383 3028 431 3083 illa
453 3042 519 3097 pars
538 3025 622 3081 animi
645 3031 737 3097 geret,
761 3041 843 3097 qunm
867 3026 924 3080 dixi
954 3041 1015 3081 esse
1043 3025 1173 3097 mollem,

136 3133 160 3190 sl
176 3149 213 3189 -se
236 3131 360 3188 lamentis
382 3131 556 3189 muliebriter
576 3130 758 3203 lacrimisque·
776 3132 875 3202 dedet,
898 3131 1034 3187 uinciatur
1059 3137 1085 3186 et
1107 3148 1177 3188 con-

136 3239 286 3309 stringetur
314 3239 465 3295 amicorum
493 3237 768 3310 propinquorumque
797 3237 938 3293 custodiis.
984 3239 1072 3310 Saepe
1100 3239 1174 3293 enim

136 3345 260 3402 uidimus
289 3345 389 3402 fractos
416 3344 539 3416 pudore,
568 3343 615 3418 qui
638 3344 743 3400 ratione
773 3345 848 3427 nulla
870 3344 1054 3400 uincerentnr.
1096 3344 1192 3412 Ergo‘

137 3453 194 3508 hos
211 3451 326 3525 quidem
351 3459 382 3508 ut
402 3452 521 3508 famulos
550 3450 650 3507 uinclis
677 3462 768 3523 prope
787 3467 819 3508 ae
839 3451 980 3521 eustodin3
1013 3447 1061 3520 qui
1083 3451 1175 3502 nutem
1237 3466 1243 3471 ·

203 3688 274 3750 utor)
296 3693 354 3738 urar
370 3689 401 3739 n.
436 3696 521 3741 utatur
536 3691 565 3741 Ρ.
602 3689 718 3753 nomm)
742 3690 845 3740 nomine
868 3691 896 3739 e.
932 3688 972 3737 rr.
993 3688 1015 3738 st
1034 3689 1099 3751 nor)
1122 3675 1172 3738 sm

134 3773 181 3823 tibi
199 3774 230 3824 P.
266 3779 296 3823 ut
313 3773 381 3838 tute)
399 3780 469 3824 utute
486 3789 569 3838 supra
586 3789 652 3824 oser.
670 3780 688 3824 t.
706 3774 738 3822 R.
782 3780 811 3823 ut
829 3778 854 3823 te
871 3774 899 3822 P.
933 3773 981 3822 Est
998 3773 1036 3836 in)
1056 3778 1079 3822 et
1098 3773 1124 3821 ln
1142 3773 1172 3821 P.

134 3858 292 3919 demissum)
311 3859 481 3908 dedimlssum
499 3861 528 3909 P.
573 3859 599 3910 si
619 3860 654 3908 nil
673 3856 761 3922 esset)
778 3857 905 3908 senitosed
923 3857 953 3905 n.
997 3857 1124 3906 senilesed
1143 3858 1171 3907 P.

134 3943 156 3991 sl
174 3943 237 3992 nihil
256 3941 365 3992 essetO.
401 3942 523 4008 eonnlm)
544 3956 638 3994 eonem
656 3943 708 3992 nr.
744 3942 857 4005 obedire)
877 3941 974 3991 obediri
992 3941 1020 3990 P.
1056 3939 1172 3990 ithum-

134 4026 223 4088 eletur)
245 4027 389 4076 incluturP
435 4027 563 4090 uidimus)
581 4028 700 4077 uidemus
720 4025 797 4077 RPO.
836 4025 894 4090 hos)
912 4027 952 4075 his
970 4027 998 4075 P.
1034 4026 1074 4088 uo)
1093 4039 1122 4076 ue
1139 4027 1178 4075 nd

133 4110 188 4164 ΒΡ.
222 4110 358 4174 custodie)
373 4112 488 4183 pustodin
506 4112 538 4160 n„
