2610 4634
136 267 177 327 ai
339 278 567 324 rasennam.
602 277 956 324 nrsrurarrouuru

134 468 188 525 uiri
210 467 295 524 fortes
317 468 346 525 in
368 467 426 525 acie
449 469 562 524 uulnera
580 468 625 523 uel
643 468 773 540 sentiunt,
793 468 843 523 sed
866 467 936 523 mori
961 467 1071 524 malunt
1090 484 1170 541 qoam

134 582 238 631 tautum
267 576 351 630 modo
383 576 418 631 de
446 573 584 646 dignitatis
613 574 699 644 gradu
732 573 885 632 demoueri.
940 570 991 632 59.
1021 576 1169 646 Fulgentes

135 682 242 752 gladios
264 682 385 737 hostium
406 681 537 737 uidebant
563 680 656 752 Decii,
685 697 771 752 quum
799 680 828 736 in
850 698 936 737 acrem
958 695 1058 736 eorum
1082 681 1166 737 irrue·

134 791 208 844 baut.
242 789 294 844 llis
317 789 425 844 leuabat
447 805 557 843 omnem
579 789 725 843 uulnerum
747 793 851 842 motum
872 787 1003 843 nobilitas
1025 789 1124 844 mortis
1144 794 1170 844 et

135 895 233 965 gloria.
277 896 349 950 h'um
370 901 428 949 tum
449 893 618 964 ingemuisse
638 893 859 964 Epaminondam
880 900 977 976 putas,
1009 911 1103 966 quum,
1120 912 1170 952 una

134 1018 196 1056 curn
219 1001 352 1070 sanguine
379 1000 462 1055 uitam
484 999 599 1056 esllucre
614 997 748 1056 sentiret?
771 1000 1043 1071 lmperantrmenim
1056 1001 1169 1073 patriam

134 1107 357 1163 Lacedaemoniis
381 1106 568 1179 relinquebat,
599 1124 682 1179 quam
710 1113 853 1178 acceperat
874 1105 1052 1164 seruientem.
1096 1110 1170 1164 Haec

134 1220 197 1269 suut
219 1214 324 1286 solatia,
348 1214 415 1269 haec
437 1213 558 1269 tomenta
580 1229 752 1269 summorum
775 1213 913 1268 dolorum.

216 1319 308 1376 XXV.
332 1318 381 1378 oo.
404 1321 504 1394 Dices,
528 1320 594 1392 quid
619 1319 647 1375 in
669 1337 752 1392 pace,
776 1319 843 1392 quid
866 1319 959 1394 domi,
983 1319 1052 1391 quid
1076 1321 1105 1377 in
1127 1323 1169 1378 le-

134 1424 230 1482 ctulo?
263 1427 305 1481 Ad
328 1427 511 1499 philosophos
534 1443 578 1482 me
608 1443 737 1499 reuocas,
766 1425 863 1499 quiin
893 1425 981 1483 aciem
1004 1444 1062 1483 nou
1084 1444 1167 1500 saepe

133 1534 287 1604 prodeunt,
322 1552 337 1591 e
365 1535 466 1607 quibus
501 1535 583 1589 humo
602 1537 671 1589 'sane
693 1533 774 1605 leuis,
798 1534 977 1591 Heracleotes
1001 1535 1165 1607 Dionysius,

134 1657 219 1712 quum
242 1659 257 1696 a
280 1643 389 1697 Zenone
412 1640 490 1697 sortis
519 1657 580 1696 esse
602 1626 760 1713 didicisset,
790 1658 806 1697 a
837 1642 934 1696 dolore
962 1642 1098 1698 dedoctus
1120 1649 1167 1698 cst

133 1749 204 1801 Nam
233 1763 318 1818 quum
346 1764 379 1802 ex
407 1747 520 1802 renibus
548 1747 701 1818 laboraret,
735 1747 796 1818 ipso
825 1747 854 1802 in
882 1747 985 1803 eiulatu
1014 1748 1169 1805 clamitabat

134 1852 203 1907 salsa
226 1869 287 1907 csse
309 1852 367 1921 illa,
396 1869 466 1923 quac
495 1846 635 1908 antea'de
666 1855 763 1909 dolore
791 1853 851 1926 ipse
881 1853 1023 1909 sensisset.
1080 1855 1167 1923 Quem

133 1974 220 2029 quum
242 1958 388 2013 Cleanthes
411 1957 616 2029 condiscipulus
646 1966 770 2033 rogaret,
799 1977 934 2032 quaenam
956 1962 1026 2018 ratio
1049 1978 1113 2018 eum
1135 1964 1170 2017 de

134 2044 267 2118 senientia
289 2065 458 2138 deduxisset,
481 2065 639 2137 respoudit:
657 2066 761 2138 „Quia,
776 2066 810 2137 si,
833 2084 919 2139 quum
942 2073 1046 2123 tautum
1068 2085 1171 2140 operae

134 2171 327 2243 philosophiae
350 2173 498 2246 dedissem,
522 2161 647 2228 dolorem
670 2180 760 2228 lamen
783 2173 855 2228 serre
878 2189 934 2227 non
956 2189 1080 2248 possem,
1105 2175 1167 2231 satis

132 2286 206 2334 esset
227 2280 381 2349 argumenti
402 2282 505 2335 malurn
527 2296 589 2336 esse
611 2280 746 2335 dolorem.
800 2278 939 2366 Plurimos
966 2285 1060 2335 autern
1081 2298 1169 2337 annos

133 2387 162 2442 in
184 2386 359 2457 philosophia
383 2387 540 2459 consumpsi
564 2403 615 2443 nee
629 2386 710 2443 'serre
733 2402 865 2458 possum3
895 2387 999 2441 malurn
1016 2393 1064 2442 -est
1085 2388 1167 2458 igitur

133 2489 242 2548 dolor.''
288 2494 360 2549 Tum
372 2493 542 2567 Cleanthem,
560 2510 646 2567 quum
668 2486 739 2565 pede
762 2498 863 2548 terram
885 2493 1079 2567 percussisset,
1102 2511 1166 2550 ner-

132 2617 194 2656 sum
217 2618 251 2656 cx
272 2599 408 2671 Epigonis
430 2600 663 2657 seruntdirisse:

259 2704 380 2763 [ludisne
401 2709 477 2778 hoec,
497 2705 675 2780 Aruphioroii,
699 2709 748 2763 sub
772 2713 872 2763 terram
894 2706 1010 2762 abdite?

132 2812 182 2873 iil.
205 2815 346 2869 Zenonem
368 2814 548 2887 significabat,
572 2833 586 2870 a
608 2831 664 2886 quo
686 2814 765 2869 illum
788 2815 957 2884 degenerare
979 2814 1101 2870 dolebat.
1130 2815 1166 2870 st

132 2935 188 2975 uon
211 2927 305 2975 noster
326 2904 510 2993 Posidduius,
533 2937 617 2992 quem
639 2920 746 2991 etipse
769 2936 852 2992 saepe
875 2919 942 2992 uidi,
967 2927 994 2976 et
1015 2920 1044 2976 id
1066 2921 1166 2993 dicam,

132 3026 207 3096 quod
231 3026 337 3080 solebat
358 3042 469 3081 narrare
496 3027 662 3099 Pompeius,
698 3043 744 3099 se,
774 3044 859 3099 quum
887 3028 1016 3093 Rhodum
1046 3028 1169 3084 uenisset

89 3155 92 3158 ⁴
131 3132 267 3186 decedens
290 3148 324 3186 ex
342 3131 432 3204 Syria,
454 3133 549 3189 audire
572 3133 693 3189 uoluisse
715 3133 914 3206 Posidonium3
938 3135 986 3192 scd
1009 3151 1095 3206 quum
1117 3153 1166 3191 au·

132 3239 218 3293 disset
239 3255 303 3293 eum
325 3238 446 3308 grauiter
468 3257 528 3297 esse
550 3256 681 3313 aegrum,
711 3241 787 3312 quod
809 3241 987 3296 uehementer
1009 3240 1069 3322 eius
1092 3248 1166 3297 artus

131 3347 306 3418 laborarent,
335 3345 459 3402 uoluisse
481 3353 572 3403 tamen
599 3347 805 3405 nobilissimum
834 3349 1032 3420 philosophum
1055 3349 1165 3418 uisere3

201 3513 240 3561 uei
260 3513 387 3573 sentiunt,
406 3511 471 3574 sed)
489 3512 526 3560 vel
545 3511 567 3560 si
589 3513 709 3576 sentiunt,
727 3525 755 3562 se
775 3511 804 3560 0.
852 3512 964 3569 tantum)
984 3513 1110 3561 tantillum
1135 3511 1166 3560 0.

129 3594 171 3647 59.
198 3595 419 3658 Epaminondam)
437 3596 641 3657 Epaminuudnm
665 3598 695 3649 P.
735 3597 777 3645 60.
797 3599 887 3654 h'omo)
907 3599 937 3647 ho
955 3598 985 3645 P.
1014 3596 1169 3660 Dionysius)

130 3679 229 3749 Dionis,
248 3681 278 3728 R.
318 3681 404 3729 dolore
422 3679 558 3742 dedoctus)
576 3682 661 3731 dolere
679 3682 803 3730 deductus
820 3682 871 3729 BP.
908 3681 1044 3744 laboraret)
1054 3682 1167 3730 laborare

129 3763 159 3812 P.
196 3763 278 3823 Quem
297 3765 393 3824 quum)
413 3776 488 3824 quom
506 3768 560 3812 turn
579 3767 610 3814 R.
646 3778 722 3825 quem
741 3766 802 3815 dum
820 3765 848 3814 Ρ.
884 3764 1032 3826 Cleanthes)
1052 3766 1167 3815 cleantes

130 3848 161 3895 li.
180 3847 255 3908 Quia,
267 3847 417 3908 sitquiRP.
437 3846 503 3906 Quia
513 3846 543 3895 Ο.
571 3847 822 3911 tantum)tantoRP.
850 3849 1168 3914 philosophiac)philoso-

130 3931 188 3991 phin
212 3929 241 3976 Ρ.
286 3930 423 3993 Epigonis)
443 3930 579 3990 Epigoneis
597 3932 648 3981 ΒΡ.
684 3931 850 3994 Amphiarae>
875 3930 1014 3994 Amphione
1032 3935 1084 3983 ΒΡ.
1103 3936 1169 3985 ‘ab-

129 4013 199 4075 ditc)
217 4015 307 4062 audite
319 4015 372 4063 ΒΡ.
414 4013 456 4061 61.
482 4015 771 4079 Posidon.)Possidon.
794 4018 825 4065 R.
849 4014 921 4079 (bis)
961 4020 1090 4078 audisset)
1119 4031 1167 4069 au-

132 4100 240 4147 diuissrt
259 4098 290 4146 0.
326 4097 522 4159 philosophum)
540 4100 748 4160 philosophorum
766 4101 796 4149 R.
