2610 4634
417 831 470 907 Μ.
490 829 673 904 TULLI
702 829 1025 907 CICERONIS
1078 832 1093 861 ⁸

226 1031 686 1152 tttttlllllttlll
739 1030 1216 1152 tltltllllltllllll

556 1258 669 1317 LIBER
691 1258 894 1321 SECUNDUS.

375 1444 442 1512 DE
486 1443 804 1513 TOLERANDO
846 1443 1070 1513 DOLORE.
1142 1535 1145 1539 Ι

204 1784 227 1839 r.
256 1782 285 1841 1.
306 1741 529 1853 Neoptolemus
562 1781 675 1854 quinem
706 1781 782 1853 apuu
813 1765 935 1836 Ennium
966 1781 1160 1853 philosophari
1188 1782 1242 1838 slus

205 1888 243 1944 eit
263 1904 378 1944 neeesse
400 1905 472 1960 esse,
494 1888 544 1942 sed
565 1887 677 1960 peucis3
701 1905 764 1943 num
787 1888 900 1943 omnino
921 1888 994 1943 haud
1016 1889 1136 1959 placere.
1179 1890 1243 1961 Ego

111 2025 116 2033 ·
203 2001 307 2065 eutem,
329 1994 423 2064 Brute,
447 2011 560 2050 neeesse
582 1995 650 2050 milui
671 1994 786 2066 quidem
807 2012 869 2050 esse
890 1995 1009 2051 arbitror
1031 1995 1243 2068 philosophari3

203 2117 269 2156 narn
297 2099 365 2173 quid
392 2118 508 2172 possum
536 2101 698 2174 praesertim
727 2101 796 2157 nihil
818 2119 902 2172 agens
930 2118 1013 2172 egere
1041 2098 1164 2156 melius?
1192 2103 1245 2157 sed

206 2225 263 2265 non
289 2208 402 2280 paucis,
432 2216 461 2264 ut
488 2210 546 2266 ille.
589 2208 710 2264 Difficile
738 2214 779 2263 est
806 2209 880 2264 enim
907 2209 935 2263 in
957 2207 1134 2280 philosophia
1157 2225 1244 2280 peuce

205 2332 267 2371 esse
290 2316 418 2386 cinola,
441 2313 485 2370 cui
508 2331 564 2370 non
586 2314 641 2371 sint
661 2321 709 2370 aut
728 2316 861 2387 pleraque
882 2321 929 2370 eut
953 2315 1054 2370 omnin.
1098 2316 1170 2370 Nem
1192 2333 1245 2371 neo

204 2438 292 2492 peuce
313 2421 367 2477 nisi
389 2439 404 2476 e
426 2420 520 2478 multis
541 2420 607 2492 eligi
629 2427 755 2494 possunt,
774 2437 836 2492 nee,
859 2422 907 2492 qui
921 2438 1008 2492 peuce
1029 2421 1162 2494 percepit,
1187 2439 1244 2479 non

205 2529 280 2585 idem
309 2528 415 2600 reliqua
444 2528 542 2584 eodem
577 2527 669 2584 studio
698 2534 888 2599 persequetur.
931 2525 962 2584 2.
1007 2529 1063 2584 Sed
1091 2534 1183 2585 minen
1213 2530 1243 2585 in

162 2696 165 2700 Α
206 2635 262 2692 uite
283 2610 517 2708 occupaloatque,
540 2642 570 2693 ut
581 2635 756 2707 Neoptolemi
777 2622 918 2707 tumeret,
940 2633 1050 2689 militari
1073 2653 1161 2706 peuce
1182 2636 1244 2708 ipsa

204 2744 322 2799 multum
345 2759 427 2813 saepe
456 2749 572 2815 prosunt
593 2749 620 2798 et
645 2743 737 2798 lerunt
758 2742 872 2812 tructus,
895 2741 1122 2814 sineremus,
1145 2744 1242 2816 quenti

206 2867 241 2906 ex
261 2850 392 2906 uniuersa
413 2848 589 2922 philosophia
599 2847 704 2920 percipi
723 2854 848 2920 possunt,
870 2855 960 2904 temen
983 2865 1042 2920 eos,
1065 2829 1167 2922 quihus
1190 2851 1243 2906 ali·

206 2973 259 3029 que
282 2973 316 3011 ex
338 2963 414 3027 perte
436 2954 572 3017 interdum
594 2961 640 3010 eut
660 2953 807 3025 cupiditate
833 2962 880 3010 aut
900 2954 1071 3026 aegritudine
1099 2963 1146 3013 eut
1167 2962 1245 3013 metu

205 3062 365 3117 liberemur.
408 3061 490 3118 Uelut
511 3077 545 3115 ex
566 3078 598 3116 en
625 3060 825 3133 disputatione,
855 3078 926 3133 quae
948 3061 1016 3117 mihi
1037 3078 1127 3133 nuper
1148 3063 1244 3120 hahita

181 3222 185 3229 .
206 3176 249 3224 est
268 3167 297 3224 in
320 3169 495 3241 Tusculano,
522 3185 622 3238 magna
648 3167 794 3224 uidebatur
819 3167 915 3223 mortis
937 3168 1034 3224 elleeta
1055 3170 1243 3244 contemptio,

207 3291 277 3348 quae
301 3294 356 3333 non
378 3275 523 3331 minimum
544 3275 618 3330 ualet
638 3275 672 3330 ad
694 3273 815 3330 animum
841 3280 916 3330 metu
942 3274 1125 3332 liberandum.
1170 3278 1244 3333 Nam

207 3384 317 3457 quiid,
341 3382 417 3455 quod
440 3381 520 3437 uitari
542 3397 599 3436 non
621 3387 720 3453 potest,
744 3379 848 3452 metuit,
871 3380 895 3436 is
917 3381 1014 3436 uiuere
1036 3381 1128 3437 animo
1153 3383 1241 3454 quien

207 3492 284 3547 nullo
306 3490 390 3546 modo
412 3494 518 3561 potest;
541 3488 590 3543 sed
612 3487 670 3560 qui,
692 3504 748 3543 non
765 3488 851 3542 modo
873 3487 937 3559 quie
959 3504 1073 3543 necesse
1095 3495 1137 3543 est
1158 3506 1243 3562 mor,

207 3615 305 3653 uerum
326 3599 408 3655 etiam
430 3596 495 3670 quie
514 3595 583 3651 nihil
595 3594 678 3651 hebet
698 3610 784 3664 mors,
808 3592 883 3664 quod
904 3593 941 3649 sit
958 3593 1141 3666 horrendum,
1164 3612 1243 3651 mor·

208 3709 263 3758 tem
285 3722 342 3760 non
364 3705 457 3775 timet,
487 3718 618 3772 magnum
643 3701 667 3757 is
694 3699 747 3757 sibi
775 3699 942 3771 praesidium
971 3701 1005 3756 ud
1028 3702 1136 3759 beatem
1157 3702 1245 3759 uitam

384 3843 514 3852 *—

278 3929 300 3977 l.
318 3931 386 3978 enim
405 3928 533 3991 in'pluil.)
552 3931 620 3979 enirn
638 3930 701 3991 phil.
718 3929 750 3981 R,
785 3926 912 3991 percepit)
929 3930 1072 3991 perceperit
1086 3929 1117 3981 0.
1153 3943 1247 3992 perse-

208 4014 318 4076 quetur)
342 4020 507 4075 persequetur
529 4015 572 4077 It„
605 4016 652 4063 err
953 4026 972 4065 r.
1005 4011 1033 4063 2
1053 4015 1079 4063 si
1101 4016 1175 4079 uon)
1196 4018 1244 4067 sed

208 4111 257 4148 non
278 4099 308 4146 lt.
344 4096 500 4159 liberemur)
516 4098 529 4128 ¹³
