2610 4634
436 287 511 332 uin.
534 274 583 332 lv.
629 287 710 333 car.
736 272 808 335 16-
821 275 870 336 17.
1106 273 1167 335 129

129 473 207 531 idern
229 492 316 548 quum
339 475 425 532 Stoici
447 475 482 533 de
504 477 627 549 sapiente
654 477 765 552 dicunt,
791 476 874 533 nimis
903 477 1102 535 admirabiliter
1122 479 1167 534 ui·

128 583 243 656 misque
265 583 409 655 magnifice
431 583 522 640 dicere
545 584 680 640 uidentur.

217 691 308 747 XVll.
330 680 392 748 ¹37.
424 691 500 762 Ergo
529 691 589 765 hic,
618 690 746 764 quisquis
774 698 832 766 est,
862 692 910 766 qui
931 692 1120 749 moderatione
1141 697 1169 749 et

130 797 287 854 constantia
309 797 419 870 quietus
441 798 533 854 animo
555 805 597 855 est
624 797 733 872 sibique
754 799 814 871 ipse
836 802 975 872 placatus,
998 805 1028 855 ut
1049 816 1101 856 uec
1126 806 1168 857 ta·

130 905 229 961 beseat
250 904 385 961 molestiis
407 923 459 962 nec
481 905 621 976 frangatur
648 907 748 962 timore
776 923 827 962 nec
849 905 972 963 sitienter
992 906 1060 978 quid
1081 923 1167 979 expe·

131 1016 194 1068 tens
216 1011 311 1067 ardeat
331 1011 470 1068 desiderio
493 1030 543 1068 nec
570 1012 708 1071 alacritate
736 1012 808 1070 lutili
836 1012 956 1084 gestiens
986 1014 1167 1087 deliquescat,

130 1117 156 1175 is
180 1123 223 1175 est
244 1119 365 1191 sapiens,
388 1136 472 1191 quem
493 1120 661 1192 quaerimus,
684 1121 709 1177 is
731 1126 772 1176 est
793 1121 899 1192 beatus,
919 1119 963 1176 cui
986 1119 1054 1175 nibil
1070 1119 1168 1176 buma-

131 1241 232 1282 namm
254 1242 347 1281 rerum
368 1232 415 1282 erit
434 1225 607 1283 intolerabile
630 1228 663 1282 ad
681 1228 879 1283 demittendum
895 1227 1016 1283 animum
1027 1233 1073 1282 aut
1085 1226 1169 1282 nimis

132 1333 264 1389 laetabile
284 1332 319 1388 ad
342 1332 513 1389 efferendum
533 1332 623 1389 uideri
646 1339 745 1404 potest.
800 1334 875 1402 Quid
897 1335 972 1390 enim
993 1333 1121 1390 uideatur
1142 1332 1168 1390 ei

131 1455 267 1511 magnum
298 1440 327 1495 in
359 1440 443 1496 rebus
476 1440 619 1512 humanis,
658 1440 701 1496 cui
734 1440 878 1497 aeternitas
911 1440 1002 1496 omnis
1030 1440 1169 1512 totiusque

131 1546 231 1603 mundi
253 1553 316 1603 nota
339 1538 374 1602 sit
395 1544 578 1617 magnitudo?
609 1547 680 1603 Nam
702 1547 770 1620 quid
797 1553 843 1603 aut
871 1549 901 1604 in
922 1547 1019 1603 studiis
1041 1546 1169 1602 humanis

122 1659 182 1735 „aut
201 1653 232 1710 in
254 1659 309 1709 tam
331 1653 431 1724 exigua
458 1653 591 1710 breuitate
620 1655 692 1710 uitae
714 1671 845 1726 magnum
867 1653 983 1727 sapienti
1005 1654 1095 1710 uideri
1116 1671 1168 1726 po·

131 1766 204 1833 test,
238 1759 286 1833 qui
314 1777 425 1832 semper
452 1759 544 1815 animo
567 1760 607 1816 sic
628 1763 762 1835 excubat,
795 1767 825 1818 ut
847 1762 872 1817 ei
894 1760 963 1817 nihil
984 1760 1170 1833 improuisum

132 1867 260 1923 accidere
281 1867 384 1939 possit,
414 1867 483 1923 nibil
504 1867 692 1944 inopinatum,
721 1868 926 1925 nihilomnino
956 1863 1085 1924 nouum?
1118 1864 1169 1926 38.

132 1975 226 2047 Atque
255 1974 330 2030 idem
359 1975 394 2030 ita
427 1991 517 2030 acrem
550 1974 578 2031 in
605 1993 702 2033 omncs
730 1982 821 2048 partes
854 1967 942 2033 aciem
973 1975 1106 2048 intendit,
1140 1981 1171 2031 ut

133 2097 247 2153 semper
268 2080 360 2137 uideat
381 2082 477 2138 sedem
498 2081 552 2137 sibi
573 2100 605 2138 ac
627 2085 719 2139 locum
741 2082 800 2139 sine
822 2083 949 2139 molestia
970 2088 1170 2155 atqueangore

133 2187 261 2262 niueam,
284 2195 314 2245 ut
334 2204 527 2261 quemcunque
549 2205 644 2246 casum
666 2190 776 2246 fortuna
798 2189 943 2261 inuenerit,
966 2189 1046 2245 hunc·
1058 2194 1120 2259 apte
1143 2195 1170 2244 et

134 2293 228 2368 quiete
250 2295 329 2351 serat.
377 2295 460 2363 Quod
481 2295 530 2368 qui
551 2295 642 2373 saciet,
665 2313 722 2352 non
744 2295 914 2367 aegritudine
936 2297 1027 2352 solum
1049 2294 1169 2368 uacnbit,

135 2402 186 2460 sed
208 2401 290 2458 etiam
311 2402 565 2474 perturbationibus
588 2403 701 2476 reliquis
717 2403 855 2462 omuibus.
888 2403 941 2459 His
963 2408 1170 2459 autemuncuus

135 2508 244 2566 animus
266 2507 388 2580 perfecte
408 2515 491 2581 atquc
513 2510 639 2565 absolute
657 2510 753 2566 beatos
772 2511 866 2584 elficit,
879 2489 1008 2582 idemque
1018 2511 1170 2565 concitatus

136 2621 165 2672 et
185 2616 338 2672 abstractus
360 2616 394 2670 ab
418 2615 524 2687 integra
546 2623 674 2690 certaque
697 2617 801 2675 ratione
820 2634 876 2674 non
887 2616 1066 2674 constantiam
1077 2617 1170 2672 solum

134 2723 244 2797 amittit
267 2740 366 2780 uerum
388 2723 469 2779 etiam
491 2723 643 2780 sanitatem.
994 2802 995 2805 Ἴ

221 2830 358 2897 Quocirca
379 2831 472 2887 mollis
503 2837 530 2886 et
557 2837 686 2887 eneruata
713 2833 834 2904 putanda
861 2839 903 2889 est
923 2832 1170 2904 Peripateticorum

134 2936 207 2995 ratio
229 2943 257 2993 et
278 2936 375 3010 oratio,
399 2936 446 3009 qui
469 2937 623 3009 perturbari
646 2938 752 2996 animos
774 2956 888 2997 necesse
909 2939 1003 2996 dicunt
1024 2957 1097 3013 esse,
1120 2941 1170 2997 sed

135 3044 268 3102 adhibent
288 3045 403 3100 modum
425 3047 578 3117 quendam,
608 3062 691 3118 quem
713 3049 784 3104 ultra
806 3047 936 3120 progredi
958 3065 1014 3104 non
1037 3054 1170 3119 oporteat.

135 3150 187 3211 39.
210 3150 327 3210 Modum
348 3156 379 3206 tu
399 3151 515 3208 adhibes
536 3150 627 3209 uitio?
649 3170 683 3210 an
705 3154 802 3211 uitium
823 3155 930 3211 nullum
947 3161 990 3211 est
1005 3171 1061 3210 non
1072 3170 1170 3226 parere

134 3254 259 3316 nunni?
281 3275 316 3314 an
338 3257 406 3314 ratio
428 3275 527 3331 parum
548 3260 682 3332 praecipit
702 3278 754 3317 nec
775 3262 881 3318 bonum
901 3261 971 3318 illud
993 3278 1079 3334 esse,
1094 3261 1170 3333 quod

135 3367 183 3424 aut
203 3365 300 3438 cupias
321 3365 459 3438 ardenter,
482 3373 529 3423 aut
549 3367 664 3438 adeptus
686 3367 784 3424 efferas
802 3375 827 3425 te
844 3369 1005 3439 insolenter,
1024 3384 1075 3423 uec
1085 3381 1170 3437 porro

134 3474 251 3546 malum,
273 3488 330 3544 quo
352 3478 397 3527 aut
420 3488 571 3544 oppressus
593 3474 692 3547 iaceaS,
715 3480 763 3530 aut
783 3491 818 3530 ne
836 3473 1002 3547 opprimere,
1019 3472 1170 3529 meuteuix

135 3575 268 3637 constes?
296 3595 384 3651 eaque
407 3579 499 3636 omnia
526 3587 573 3637 aut
594 3578 674 3636 nimis
703 3581 790 3638 tristia
812 3585 858 3638 aut
878 3580 960 3637 nimis
982 3582 1053 3637 laeta
1075 3596 1169 3636 errore

204 3871 302 3936 nimis)
326 3875 419 3924 animis
440 3874 492 3923 ΒΡ.
530 3874 572 3924 37.
594 3874 655 3939 bic)
673 3876 695 3925 is
714 3876 745 3927 0.
781 3882 898 3939 expetens
916 3873 1018 3939 ardeat)
1037 3883 1171 3938 expectens

135 3959 207 4008 ardet
223 3958 277 4011 ΒΡ.
321 3958 403 4021 lutili)
431 3958 514 4009 luttuli
533 3959 564 4008 R.
609 3959 682 4010 lutuli
701 3961 731 4011 P.
774 3961 948 4026 efferendum)
967 3961 1097 4012 terendum
1115 3962 1172 4013 ΒΡ.

135 4043 179 4096 38.
198 4041 287 4106 idem)
305 4044 390 4094 eidem
409 4042 463 4096 RP.
502 4044 634 4109 absolute)
652 4046 767 4097 obsolute
786 4046 839 4099 ΒΡ.
873 4045 916 4097 39.
934 4052 978 4097 aut
995 4046 1121 4113 adeptus)
1143 4051 1171 4127 ut

134 4127 243 4191 adeptus
260 4128 314 4177 ΒΡ.

949 4235 968 4284 9
