2610 4634
397 290 472 349 ure.
495 290 517 344 l.
562 299 644 346 car.
669 286 801 349 to—to.
1073 287 1114 350 43

78 494 130 564 bra
161 491 297 567 sequitur.
345 492 448 550 XLVI.
483 489 553 550 110.
576 493 680 550 Uerum
709 491 892 550 multitudinis
918 493 1051 551 iudicium
1079 493 1115 550 de

10 629 17 639 ·
78 602 162 661 bonis
184 602 209 660 si
231 601 341 675 quaudo
363 598 533 674 est,·magis
555 600 722 656 laudandum
744 606 803 673 est,
826 618 909 675 quam
930 602 972 659 illi
995 604 1031 658 ob
1054 619 1116 658 eam

78 727 139 768 rem
160 701 243 766 beati.
292 709 355 766 Non
377 725 492 782 possum
514 713 606 764 autem
627 707 730 782 dicere,
754 711 972 781 quoquomodo
994 710 1048 766 hoc
1069 726 1116 767 ac·

79 818 216 892 cipietur,
245 811 421 889 Lycurgum,
452 817 585 873 Solouem
614 818 709 886 legum
737 821 765 871 ct
791 815 920 888 publicae
953 817 1118 890 discipliuae

79 940 175 983 carere
203 923 308 998 gloria,
338 923 571 996 Themistoclem,
600 922 822 995 Epaminondam
849 924 966 981 bellicae
998 924 1114 981 uirtutis.

78 1033 149 1089 Ante
172 1030 248 1088 enim
270 1010 437 1088 Salaminam
458 1030 547 1103 ipsam
574 1030 719 1101 Neptunus
747 1032 846 1088 obruet
867 1049 950 1105 quam
973 1031 1116 1089 Salaminii

78 1138 186 1212 tropaei
217 1136 396 1210 memoriam,
424 1137 558 1210 priusque
584 1137 700 1194 Boeotia
726 1139 842 1195 Leuctra
869 1141 1000 1196 tollentur
1032 1157 1116 1213 quam

77 1263 189 1320 pugnae
211 1246 369 1302 Leuctricae
391 1245 489 1317 gloria.
539 1246 630 1303 Multo
657 1251 748 1302 autem
776 1247 880 1303 tardius
908 1248 980 1304 lama
1007 1247 1117 1305 deseret

77 1353 212 1428 Curium,
234 1353 407 1427 Fabricium,
431 1351 601 1424 Calatinum,
624 1352 680 1408 duo
703 1353 859 1426 Scipiones,
882 1353 937 1410 duo
959 1353 1116 1430 Africanos,

79 1461 244 1538 Maximum,
266 1463 441 1533 Marcellum,
465 1460 605 1533 Paullum,
634 1460 776 1534 Catonem,
800 1460 935 1533 Laelium,
959 1463 1116 1518 innumera·

78 1569 151 1627 biles
172 1568 259 1643 alios,
289 1585 409 1647 quorum
431 1566 641 1624 similitudinem
663 1566 784 1639 aliquam
806 1567 853 1640 qui
876 1568 1038 1642 arripuerit,
1059 1585 1115 1625 uon

78 1692 140 1733 eam
161 1675 234 1732 lama
255 1674 399 1749 populari,
428 1675 477 1731 sed
507 1691 574 1730 uera
602 1674 740 1730 bonorum
768 1676 850 1732 laude
877 1675 993 1732 metiens
1021 1674 1116 1732 fidenti

79 1783 181 1855 auimo,
204 1781 229 1839 si
249 1781 287 1839 ita
309 1799 353 1838 rcs
376 1781 456 1854 leret,
481 1782 621 1854 gradietur
643 1781 677 1837 ad
701 1787 830 1855 mortem,
853 1782 882 1839 in
904 1800 957 1856 qua
975 1789 1021 1840 aut
1038 1799 1116 1839 sum-

78 1906 155 1947 mum
176 1890 282 1947 bouum
309 1895 357 1945 aut
378 1890 485 1945 nullum
512 1890 617 1946 malum
646 1905 709 1945 esse
737 1890 929 1961 cognouimus.
979 1890 1115 1948 Secundis

79 2013 147 2054 uero
169 1997 228 2054 suis
250 1996 334 2052 rebus
355 1997 431 2054 uolet
452 1996 534 2054 ctiam
556 1995 644 2070 mori3
667 2014 723 2052 nou
746 1999 820 2054 enim
841 2005 896 2055 tam
918 2001 1044 2055 cmnulus
1062 1999 1115 2055 bo-

77 2121 178 2162 norum
206 2105 344 2162 iucundus
371 2120 433 2160 esse
462 2110 569 2178 potest,
603 2120 686 2177 quam
719 2105 835 2161 molesta
864 2107 999 2162 decessio.
1044 2104 1115 2163 111.

77 2212 159 2270 Hauc
181 2212 342 2270 seutentiam
364 2210 521 2283 significare
542 2211 654 2267 uidetur
675 2211 792 2268 Laconis
809 2212 858 2268 illa
875 2229 939 2284 uox,
956 2213 1014 2286 qui,
1029 2228 1117 2285 qurum

77 2319 205 2379 Rhodius
231 2318 385 2392 Diagoras,
415 2317 625 2391 Olympionices
655 2319 774 2393 nobilis,
804 2336 861 2375 uno
894 2319 938 2376 die
965 2321 1021 2376 duo
1049 2336 1117 2376 suus
1200 2366 1204 2380 .

78 2426 153 2484 lilios
175 2425 295 2483 uictores
318 2425 466 2500 Olympiae
488 2426 614 2500 uidisset,
637 2427 752 2483 accessit
773 2426 808 2482 ad
829 2443 924 2483 senem
947 2435 973 2483 et
995 2428 1115 2498 gratula-

77 2538 139 2609 tus,
161 2536 289 2607 Morere,
312 2532 442 2606 Diagora,
464 2533 568 2607 inquit;
596 2551 652 2590 non
674 2534 749 2590 cuim
770 2534 799 2589 in
820 2536 930 2590 coelum
951 2551 1116 2591 ascensurus

78 2657 118 2698 es.
161 2641 264 2712 Magna
292 2638 360 2697 haec
388 2645 415 2696 et
442 2640 558 2697 nimium
591 2640 709 2697 sortasse
738 2639 835 2697 Graeci
862 2646 957 2712 putant
983 2643 1029 2696 ucl
1057 2648 1116 2698 tum

76 2747 170 2821 potius
192 2747 340 2821 putabant,
369 2747 467 2821 isque,
497 2746 546 2819 qui
573 2747 628 2804 hoc
654 2747 792 2819 Diagorae
821 2747 905 2819 dixit,
934 2764 1116 2820 permagnum

78 2854 238 2912 existimaus
259 2859 316 2911 tres
335 2853 548 2928 *Olympionicas
561 2872 626 2912 uua
647 2873 662 2911 c
684 2856 768 2912 domo
791 2856 914 2927 prodire,
936 2855 1058 2930 cunctari
1079 2855 1115 2912 il·

76 2964 136 3020 lum
159 2961 261 3018 diutius
282 2960 312 3018 iu
333 2962 390 3026 uita
411 2962 539 3018 fortunae
560 2961 698 3019 obiectum
716 2962 813 3020 inutile
831 2965 942 3036 putabat
958 2963 1022 3036 ipsi.
1052 2965 1115 3035 Ego

76 3075 169 3126 autem
190 3068 242 3126 tibi
264 3068 387 3142 quidem,
416 3068 491 3142 quod
519 3069 584 3126 satis
612 3077 703 3143 esset,
726 3071 820 3142 paucis
848 3072 958 3146 uerbis,
988 3078 1018 3128 ut
1046 3071 1116 3128 mihi

76 3175 204 3250 uidebar,
227 3176 435 3248 responderam.
479 3176 662 3234 Concesseras
684 3177 758 3234 enim
780 3181 857 3236 nullo
886 3181 916 3237 in
944 3180 1017 3235 malo
1040 3195 1119 3234 mor-

76 3289 140 3342 tuos
162 3300 240 3356 esse3
256 3283 320 3339 sed
348 3283 384 3339 ob
412 3299 473 3339 eam
503 3300 613 3340 causam
647 3287 792 3361 contendi,
821 3293 853 3343 ut
879 3288 961 3360 plura
982 3287 1115 3358 dicerem,

77 3391 155 3465 quod
175 3389 204 3447 in
227 3389 367 3446 desiderio
390 3395 417 3446 et
438 3390 513 3447 luctu
534 3390 602 3448 baec
630 3398 672 3449 est
693 3393 845 3451 consolatio
873 3394 1000 3451 maxima.
1055 3393 1114 3448 No·
1155 3452 1158 3457 ,

77 3502 166 3555 suum
188 3496 263 3554 enim
285 3501 312 3553 ct
332 3502 427 3553 nostra
455 3514 536 3555 causa
571 3501 884 3572 susceptumdolorcm
910 3500 1019 3557 modice
1041 3500 1117 3556 ferre

77 3606 223 3680 debemus,
245 3621 281 3661 ne
303 3604 500 3676 nosmetipsos
523 3622 615 3662 amare
637 3606 790 3663 uideamur.
824 3608 876 3663 Illa
898 3606 1019 3678 suspicio
1041 3607 1115 3662 into-

76 3713 188 3771 lerabili
209 3713 307 3769 dolore
328 3711 448 3786 cruciat,
471 3711 495 3768 si
517 3712 663 3784 opinamur
685 3729 745 3788 eos,
768 3712 870 3786 quibus
893 3713 984 3771 orbati
1007 3730 1113 3789 sumus,

77 3835 143 3879 esee
164 3837 227 3879 cum
248 3821 341 3893 aliquo
365 3835 448 3876 seusu
469 3818 554 3876 iniis
581 3820 680 3897 malis,
714 3821 815 3895 quibus
842 3821 929 3894 uulgo
958 3822 1114 3895 opinantur.

54 4116 57 4120 ,
149 4071 208 4122 110.
224 4073 343 4138 Boeotia)
359 4073 450 4126 Bootia
463 4075 495 4126 lt.
529 4087 571 4127 res
589 4073 804 4143 leret)rclert1l.
849 4075 1116 4141 llbotympionices)

78 4156 266 4245 otlmpbuices
282 4159 316 4213 u.
