2610 4634
129 289 191 351 131
343 297 955 346 ruscunnu.nisuurarrounu

129 492 293 550 Clastidium
314 491 379 548 ideo
400 491 501 547 fortem
523 489 620 561 liriaco,
641 489 709 562 quia
728 489 813 545 fuerit
833 488 928 545 iratus.
961 484 1016 546 50.
1028 489 1072 545 lle
1092 486 1165 545 Alii·

129 618 199 656 eano
221 600 346 672 quidem,
367 597 432 670 quia
454 595 547 653 notior
568 603 611 653 est
625 595 708 653 nobie
718 603 833 669 propter
843 601 984 652 recentem
994 595 1166 666 memoriam,

130 709 176 764 uel
199 707 291 764 iurare
312 722 428 777 possum
450 721 507 760 non
527 703 607 760 illum
627 703 844 759 iracundia.tum
860 701 1167 774 inflammatumluiare,

131 830 218 887 quum
239 815 268 870 in
295 812 353 869 acie
381 813 421 868 M.
448 810 621 866 Alliennium
641 810 789 881 Pelignum
822 815 900 865 scuto
924 809 1080 881 protexerit
1111 810 1167 880 gla-

132 922 266 993 diumque
287 921 359 976 hosti
388 917 417 973 in
439 925 534 989 pectus
562 915 690 972 infixerit
740 918 784 973 De
811 916 844 971 L.
865 915 954 971 Bruto
977 915 1099 973 lortame
1118 917 1167 973 du·

131 1028 255 1100 hilerim,
284 1043 318 1082 an
339 1032 453 1098 propter
474 1023 613 1079 inlinitum
634 1024 730 1079 odium
751 1022 858 1096 tyranni
882 1021 1044 1078 effrmmtins
1066 1023 1097 1079 in
1117 1023 1168 1079 Ar·

131 1142 241 1191 rantum
261 1134 409 1203 inuenerit3
438 1130 522 1186 uideo
544 1130 618 1186 enirn
641 1136 788 1202 utrumqne
811 1128 937 1185 cominus
959 1129 1017 1185 ictu
1040 1131 1170 1188 ceoidism

131 1240 279 1297 conuario.
320 1237 396 1306 Quid
417 1237 502 1308 igitur
523 1237 580 1292 liuc
604 1237 743 1294 adhibetis
762 1233 859 1292 iram?
891 1253 927 1292 an
954 1235 1092 1294 fortitudo
1119 1238 1169 1295 nisi

131 1345 256 1404 insanire
274 1346 385 1418 eoepit,
412 1344 532 1416 impetus
554 1360 622 1400 snos
651 1361 710 1400 non
736 1339 844 1400 habet?
876 1339 975 1412 Quid?
1011 1345 1169 1415 Herculem,

132 1471 217 1527 quem
238 1454 267 1509 in
289 1454 398 1509 coelum
424 1452 475 1508 ista
501 1451 579 1524 ipsa,
606 1468 691 1524 quarn
717 1468 770 1507 uos
791 1450 964 1506 iracundiam
990 1468 1056 1508 esse
1077 1452 1171 1522 uultis,

133 1564 244 1619 sustulit
269 1560 419 1630 tortitudo,
446 1559 585 1615 iratumne
603 1575 701 1614 censes
724 1557 883 1614 connixnse
904 1574 968 1613 curn
988 1559 1171 1631 Erymanthio

133 1686 201 1740 apro
223 1675 271 1724 aut
290 1669 373 1723 leone
394 1662 558 1722 Nemeaeo?
590 1682 625 1720 an
652 1665 734 1725 etiam
757 1664 883 1721 Theseus
905 1666 1077 1723 Marathonii
1105 1666 1171 1723 lauri

133 1792 237 1830 cornua
263 1772 473 1844 comprehendit
499 1769 607 1829 iratus?
650 1772 736 1842 Uice,
765 1789 801 1827 ne
828 1771 964 1827 fortitudo
993 1773 1110 1830 minime
1138 1773 1173 1830 ait

133 1881 258 1952 rabiosa,
286 1880 376 1951 sitque
402 1878 544 1935 iracundia
570 1885 627 1935 tota
649 1879 778 1936 leuitatis.
832 1879 933 1951 Neque
954 1879 1032 1936 enim
1053 1888 1098 1937 est
1118 1881 1172 1937 nlla

133 1985 277 2056 tortitudo,
299 2001 371 2057 quae
392 1985 505 2041 ratioms
527 1990 570 2041 est
591 2002 701 2056 expers.

217 2092 326 2149 Xlllll.
354 2089 405 2151 51.
439 2092 662 2149 contemnendae
678 2109 729 2150 ‚res
751 2093 886 2148 humanae
909 2099 983 2166 sunl,
1006 2094 1174 2165 negligenda

134 2216 209 2256 mors
231 2206 282 2272 est,
305 2199 435 2272 patibiles
457 2206 485 2256 et
505 2202 619 2257 dolores
640 2206 669 2256 et
689 2201 800 2257 labores
817 2200 942 2271 putandi.
987 2200 1068 2257 Haec
1090 2219 1173 2274 quum

134 2307 281 2364 constituta
304 2315 368 2364 sunt
389 2308 491 2364 iudicio
514 2315 596 2379 atque
618 2310 768 2379 sententia,
796 2314 854 2363 tmu
877 2312 919 2362 est
940 2308 1058 2364 robusta
1079 2309 1129 2366 illa
1149 2316 1174 2366 et

134 2415 240 2470 stabilis
263 2412 411 2483 fortitudo,
434 2413 487 2469 nisi
509 2415 581 2470 sorte
603 2431 675 2487 quae
696 2414 893 2485 uehementer,
916 2415 1026 2485 acriter,
1050 2416 1174 2472 animose

135 2522 218 2592 finiit,
242 2521 373 2577 iracunde
394 2519 455 2577 lieri
478 2520 660 2591 suspicamur.
710 2520 780 2578 Mihi
810 2538 845 2576 ne
867 2522 964 2593 Scipio
991 2523 1108 2594 quidem
1130 2523 1175 2579 ille
1199 2525 1203 2529 ’

135 2629 434 2701 pontifexmaximns,
465 2628 512 2700 qui
542 2627 595 2685 hoc
627 2627 785 2684 Stoicorum
806 2644 905 2684 uerum
928 2645 991 2684 esse
1013 2614 1175 2702 declarauit,

135 2753 275 2808 nunquam
303 2737 440 2807 priuatum
471 2752 534 2791 esse
561 2735 730 2808 sapientem,
763 2733 848 2790 iratus
875 2735 987 2791 uidetur
1013 2735 1103 2792 luisse
1133 2735 1174 2794 Ti.

136 2845 260 2900 Graccho
287 2851 361 2914 tum,
394 2859 480 2914 quum
508 2843 651 2898 consulem
679 2842 855 2912 languentem
877 2841 990 2912 reliquit
1010 2849 1095 2915 atque
1115 2844 1175 2916 ipsc

136 2950 276 3021 priuatus,
306 2960 336 3005 ut
363 2949 388 3004 si
415 2951 512 3004 consul
542 2954 632 3019 esset,
663 2948 711 3019 qut
738 2964 798 3003 rem
819 2947 961 3020 publicam
983 2950 1093 3006 saluam
1115 2967 1175 3007 ease

135 3056 229 3123 uellet,
252 3054 384 3125 sesequi
408 3054 494 3108 iussit.
536 3051 586 3111 52.
609 3053 721 3126 Nescio,
745 3055 844 3127 ecquid
866 3054 919 3125 ipsi
942 3071 994 3110 nos
1016 3056 1129 3113 fortiter
1148 3057 1176 3113 ln

69 3236 72 3241 Ι
135 3161 298 3234 republica
320 3159 483 3230 fecerimus3
506 3159 619 3233 siquid
642 3160 768 3231 fecimus,
792 3169 868 3218 certe
888 3161 950 3217 irati
974 3179 1030 3218 non
1049 3165 1174 3221 lecimus.

136 3273 179 3327 An
202 3275 243 3325 est
264 3268 412 3340 quicquam
434 3266 551 3323 similius
574 3268 696 3324 insaniae
719 3285 801 3340 quam
824 3268 881 3339 ira,
912 3285 996 3340 quarn
1021 3271 1095 3328 beno
1117 3274 1176 3328 En·

136 3378 199 3436 nius
221 3376 329 3432 initium
351 3375 421 3431 dixit
442 3375 573 3432 insaniae.
618 3376 716 3450 Color,
737 3393 805 3450 uox,
828 3376 914 3450 oculi,
936 3376 1062 3451 spiritua,
1084 3381 1175 3452 impu.

203 3629 246 3677 50.
264 3629 319 3678 acie
336 3626 388 3693 M.)
405 3630 500 3681 acioli
543 3629 718 3696 Alliennium]
736 3629 909 3680 Alliennmt]
954 3631 1104 3693 Arruntem)
1123 3631 1175 3682 Ατ-

135 3720 208 3761 runte
226 3713 280 3762 ltP.
316 3700 480 3765 Aruntern'O
525 3717 621 3778 coepit)
641 3716 751 3776 coeperit
769 3714 800 3764 0.
836 3714 977 3779 iratumne)
994 3717 1175 3766 ratumneltP.

135 3797 295 3858 conflixisse)
314 3800 465 3848 conduxisse
482 3800 510 3850 P.
554 3800 742 3864 Erymanthio)
759 3800 905 3861 Erymallrio
923 3799 955 3848 R.
998 3799 1128 3860 Erymatio
1146 3801 1175 3849 P.

136 3885 179 3928 aut
199 3881 288 3941 leone)
306 3887 334 3930 ut
352 3883 426 3933 leone
443 3883 496 3932 ltP.
530 3881 676 3948 Nemeaeo)
694 3886 806 3936 Nemaeo
825 3887 856 3936 R.
896 3886 1009 3935 Neamoo
1028 3884 1058 3933 P.
1095 3884 1176 3947 muri)

136 3965 190 4013 auri
209 3966 255 4022 R.‚
278 3967 325 4013 aed
347 3981 414 4016 corr.
435 3969 465 4015 in
488 3969 562 4018 teirri.
590 3969 626 4018 ari
649 3970 678 4018 P.
714 3970 780 4034 ulla)
797 3971 841 4020 illa
859 3969 890 4018 0.
933 3969 977 4018 51.
1001 3970 1052 4018 dol.
1071 3976 1097 4018 et
1114 3969 1175 4030 lab.)

138 4050 186 4099 tab.
205 4054 230 4098 et
246 4050 298 4099 dol.
316 4050 345 4101 P.
381 4049 456 4114 sunt)
475 4052 527 4101 sint
541 4053 594 4103 ltP.
629 4055 693 4104 mihi
710 4052 758 4119 ne)
776 4054 840 4103 mitri
858 4053 963 4102 rneRP.
998 4053 1112 4118 saluam)
1130 4067 1176 4103 sa-

139 4135 179 4183 lua
198 4134 228 4182 lt.
255 4132 305 4182 -52,
323 4133 435 4182 similins
454 4135 582 4200 insaniae)
599 4138 650 4187 sim
677 4138 777 4189 insania
795 4137 848 4186 ltP.
