2610 4634
129 280 172 342 us
329 292 561 339 ruscuunn.
595 291 947 336 orsrura‘rronun

131 483 261 557 euenire,
294 487 454 538 contemnas
475 486 503 537 et
523 497 575 553 pro
597 480 685 537 nihilo
707 485 797 552 putes.
819 510 824 520 =
850 462 949 538 ilderit
976 482 1181 561 temperantia,¹

131 607 203 665 quae
225 595 267 646 est
288 589 386 645 eadem
406 587 572 660 moderatio,
595 604 611 643 a
633 603 678 643 me
695 585 808 660 quidem
828 588 923 658 paullo
946 593 1011 644 ante
1033 591 1164 660 appellata

131 697 290 770 frugalitas,
324 711 395 783 quae
422 699 449 750 te
478 694 594 766 turpiter
622 698 649 749 et
676 694 803 767 nequiter
829 695 921 751 iacere
949 694 1022 750 nihil
1044 695 1164 766 patietur.
1211 698 1214 707 '

131 805 206 875 Quid
228 809 270 859 est
290 807 382 858 autem
403 800 524 874 nequius
541 806 588 856 aut
605 797 711 872 turpius
729 799 886 857 effeminato
904 781 992 858 uiro?
1014 802 1058 858 Ne
1069 792 1166 859 iustitio

131 911 243 985 quidem
265 908 335 966 siuet
356 913 383 964 te
404 906 455 964 ista
477 906 585 982 iacere,
616 905 661 962 cui
682 887 828 963 minimum
849 923 912 964 esse
933 904 1048 964 uidetur
1070 907 1100 964 in
1120 909 1167 966 hec

131 1033 213 1075 causa
240 1015 309 1086 loci,
333 1031 404 1086 quae
425 1019 516 1070 tamen
534 1013 582 1070 rita
611 1012 698 1086 dicet,
722 1012 869 1085 dupliciter
890 1029 954 1071 esse
975 1019 1003 1070 te
1024 1013 1166 1090 iniustum,

131 1139 217 1197 quum
229 1127 256 1177 et
266 1121 388 1179 alienum
405 1127 529 1193 appetas,
547 1119 595 1192 qui
612 1118 737 1175 mortalis
748 1124 827 1175 natus
839 1118 1033 1176 condicionem
1044 1125 1167 1194 postules

129 1228 337 1300 immortalium,
350 1231 378 1282 et
399 1225 520 1296 grauiter
541 1225 614 1282 lcras
636 1231 672 1299 te,
696 1225 772 1298 quod
786 1226 918 1281 utendum
934 1229 1089 1301 acceperis,
1106 1231 1166 1286 red-

23 1320 27 1325 ⁴
130 1335 243 1392 didisse.
274 1332 326 1393 37.
337 1331 502 1390 Prudentiae
523 1349 591 1389 uero
613 1332 680 1404 quid
702 1332 885 1403 respondebis
906 1333 1018 1390 docenti
1040 1335 1178 1393 uirtutem.

130 1458 193 1500 sese
214 1458 276 1498 esse
302 1445 473 1511 contentam,
497 1455 552 1512 quo
574 1438 659 1495 modo
680 1438 716 1494 ad
737 1439 810 1496 bene
831 1438 1000 1517 uiuendum,
1024 1441 1066 1500 sic
1088 1442 1167 1500 etad
1193 1495 1196 1505 ,

130 1545 234 1607 beate?
267 1548 346 1617 Quae
373 1547 397 1604 si
419 1547 589 1604 extrinsecus
617 1546 732 1617 religata
746 1527 871 1618 'pendeat
898 1552 926 1603 et
947 1563 1005 1606 non
1028 1548 1167 1608 oriatura

131 1673 162 1714 se
191 1661 218 1713 et
238 1671 335 1712 rursus
363 1655 397 1710 ad
426 1670 457 1710 se
483 1658 637 1709 reuertatur
665 1658 692 1709 et
719 1652 813 1709 omnia
845 1669 894 1710 sua
923 1657 1071 1726 complexa
1101 1656 1166 1713 nihil

132 1768 247 1836 quaerat
268 1761 389 1834 aliunde,
412 1776 470 1816 non
491 1758 633 1833 intelligo,
657 1760 706 1815 cur
727 1766 774 1816 aut
794 1760 889 1816 uerbis
911 1766 967 1816 tam
987 1763 1168 1819 uehementer

66 1899 77 1909 ·
130 1868 253 1926 ornanda
274 1872 320 1922 aut
342 1871 468 1921 retento
491 1882 576 1937 opere
598 1866 750 1938 expetenda
771 1867 906 1923 uideatur.
946 1868 992 1923 Ad
1009 1868 1080 1925 haec
1095 1869 1167 1926 bona

130 1991 175 2031 me
202 1972 226 2029 si
254 1988 386 2045 reuocas‚
415 1972 552 2045 Epicure,
586 1990 689 2047 pareo,
716 1989 834 2047 sequor,
867 1978 930 2029 utor
951 1978 978 2029 te
999 1972 1063 2047 ipso
1087 1975 1166 2048 duce,

130 2078 283 2137 obliuiscor
303 2077 385 2135 etiam
406 2081 553 2152 malorum,
576 2086 607 2136 ut
627 2079 719 2152 iubes,
741 2096 843 2152 eoque.
855 2066 975 2154 iacilius,
992 2082 1070 2154 quod
1088 2099 1120 2139 ea
1132 2096 1168 2138 uo

129 2186 160 2245 iu
180 2187 262 2264 malis
288 2186 401 2260 quidem
427 2187 556 2259 ponenda
588 2202 697 2243 censeo.
752 2186 808 2243 Scd
836 2186 956 2243 traducis
984 2188 1168 2260 cogitationes

20 2336 23 2341 -
131 2312 206 2353 meas
228 2294 264 2350 ad
284 2295 450 2366 uoluptates.
487 2289 586 2362 Quas?
608 2292 753 2367 Corporis,
776 2294 870 2367 credo,
892 2299 939 2350 aut
959 2307 1031 2366 qrrae
1045 2293 1169 2367 'propter

79 2442 81 2447 ·
130 2417 231 2474 corpus
242 2400 289 2457 uel
311 2400 502 2457 recordatione
512 2400 560 2456 uel
582 2416 631 2471 spe
644 2399 805 2470 cogitentur.
849 2400 924 2456 Num
936 2390 1004 2473 quid
1016 2407 1060 2457 est
1070 2397 1167 2458 aliud?

129 2513 239 2564 rectene
265 2508 431 2579 interpretor
458 2505 618 2563 sententiam
639 2503 739 2563 tuam?
772 2507 869 2564 Solent
896 2505 971 2563 enim
993 2507 1039 2565 isti
1064 2524 1168 2580 negare

129 2633 182 2672 nos
204 2615 379 2688 intelligere,
409 2613 476 2686 quid
498 2611 571 2670 dicat
597 2613 747 2685 Epicurus.
789 2611 840 2672 38.
870 2614 933 2670 Hoc
955 2613 1039 2688 dicit,
1062 2621 1091 2672 et
1112 2615 1168 2671 lroc

129 2722 178 2779 ille
199 2722 335 2779 acriculus
357 2737 401 2777 me
423 2720 550 2776 audiente
568 2712 684 2777 Athenis
706 2737 793 2778 senex
814 2721 901 2791 Zeno,
923 2720 1041 2778 istorum
1064 2721 1175 2801 ammo,

129 2828 226 2902 simus,
249 2828 416 2884 contendere
434 2834 462 2884 et
481 2843 662 2898 magnauoce
684 2826 777 2884 dicere
789 2816 905 2900 solebat,
929 2844 992 2884 eum
1015 2842 1078 2884 esse
1099 2828 1166 2885 bea·

129 2940 202 3006 tum,
225 2934 274 3006 qui
295 2933 486 3006 praesentibus
513 2932 702 3004 uoluptatibus
734 2934 873 2992 frueretur
900 2934 1107 3007 confideretque
1135 2950 1167 2991 se

130 3039 279 3097 fruiturum
306 3044 353 3095 aut
372 3037 507 3099 ‚inomni
529 3044 576 3094 aut
598 3038 628 3094 ln
649 3055 749 3110 magna
777 3046 854 3111 parte
880 3039 954 3096 uitae
981 3039 1083 3096 dolore
1107 3056 1165 3097 noo

129 3143 336 3218 interueniente,
359 3150 405 3201 aut
429 3144 452 3200 si
464 3144 651 3218 interueniret,
675 3144 698 3202 si
710 3151 835 3202 summus
858 3146 938 3218 foret,
951 3145 1076 3202 futurum
1099 3146 1164 3203 bre·

129 3269 205 3326 uem,
227 3251 270 3308 siu
292 3250 463 3324 productior,
484 3252 548 3323 plus
570 3252 728 3308 habiturum
749 3251 862 3309 iucundi
885 3268 968 3325 quam
989 3252 1074 3326 mali3
1098 3252 1169 3310 haec

131 3361 294 3432 cogitantem
317 3359 376 3415 lore
397 3358 523 3430 beatum,
553 3359 715 3429 praesertim
745 3359 768 3415 si
790 3364 818 3416 et
838 3364 901 3416 aute
922 3358 1060 3431 perceptis
1082 3358 1166 3416 bonis

130 3473 275 3524 contentus
302 3471 377 3523 esset
405 3482 456 3522 nec
487 3469 605 3521 mortem
633 3483 685 3522 nec
717 3466 785 3522 deos
817 3465 1015 3523 extimesceret.
1052 3459 1165 3522 'Hebes

131 3573 249 3631 formam
270 3573 384 3658 llpicuri
406 3573 479 3631 uitae
495 3574 602 3629 'henne
624 3571 717 3628 uerbis
740 3573 860 3631 Zenonis
888 3588 1065 3648 expressam,
1092 3571 1165 3629 nihil

126 3685 158 3736 ut
178 3679 267 3751 possit
287 3679 391 3750 negari.

199 3864 224 3910 et
239 3861 372 3925 nequiter)
391 3875 442 3913 nnn
460 3861 489 3912 P.
541 3860 670 3926 potietur)
693 3863 802 3926 patiatur
825 3864 878 3915 ΒΡ.
931 3862 1039 3928 entem)
1063 3870 1108 3915 ant
1132 3866 1162 3915 Ρ.

129 3942 191 3997 loci)
208 3944 280 4004 loqui
296 3945 354 3994 ΒΡ.
383 3946 428 3998 ur.
446 3958 509 3997 uero
525 3944 606 4012 quid)
622 3957 684 3996 uero
701 3949 771 4010 quod
787 3948 820 3999 B„
853 3946 926 4012 sese)
942 3949 1018 3999 seP.
1054 3947 1164 4013 oriatur)

129 4026 265 4076 esuriatur
283 4025 315 4077 0.
338 4027 418 4079 Uer
506 4027 768 4072 *ldffl'flss-
801 4029 964 4096 uulsa
980 4033 1013 4085 Ρ.
1047 4034 1165 4085 conlido-

128 4115 217 4173 retque
233 4121 264 4162 so
280 4108 326 4163 no*
842 4114 948 4169 nortun
963 4115 1019 4167 ΡΡ.
