2610 4634
90 273 98 279 ’
129 271 170 332 aa
202 330 216 353 ‚
335 284 565 329 ruscunao.
598 279 954 355 desperacionem
987 289 992 295 ·

58 548 61 553 Ι
121 481 205 547 ντιειιῐ,
228 473 251 529 si
272 472 321 529 illa
346 473 536 547 detraxissent,
558 474 612 530 nisi
634 473 658 530 si
680 474 784 531 uellent
803 491 889 531 uoces
910 474 1009 543 inanes
1031 473 1161 551 tundere}

130 580 200 638 nihil
214 580 260 679 pb
288 579 323 636 iis
344 580 421 652 potui
449 597 634 653 cognoscere,
663 582 712 653 qui
741 580 765 637 si
792 580 906 638 uirtutes
929 581 1052 638 ebullire
1072 583 1164 639 uolent

131 695 158 745 et
179 685 341 760 sapientias,
364 685 434 742 nihil
455 687 531 743 aliud
551 687 643 743 dicent
663 686 717 745 nisi
739 704 801 744 eam
820 689 912 762 uiam,
935 705 992 761 qua
1014 688 1164 746 efficiantm

131 811 180 852 eae
201 795 366 865 uoluptates,
388 808 456 864 quas
479 810 562 865 supra
584 789 668 850 dixi.'’
722 793 800 862 Quae
823 801 988 868 sequuntur,
1018 796 1049 852 in
1072 797 1165 852 eadem

131 900 263 959 senuntia
286 904 359 971 sunt,
381 905 510 971 totusque
532 899 613 973 liber,
637 900 686 973 qui
701 906 747 983 est
758 901 794 957 de
812 917 921 957 summo
938 901 1026 976 bono,
1051 902 1165 959 refertus

131 1014 159 1064 et
179 1005 273 1062 uerbis
295 1012 323 1060 et
345 1005 484 1062 sententiis
507 1006 617 1063 talibus.
672 1004 723 1065 43.
757 1007 801 1063 Ad
826 1007 944 1064 hancine
970 1007 1058 1079 igitur
1086 1007 1166 1064 uitam

133 1113 313 1170 Telamonem
332 1110 412 1168 illum
434 1113 589 1184 reuocatis,
613 1118 642 1167 ut
663 1114 742 1170 leues
763 1112 977 1189 aegritudinem,
990 1120 1019 1170 et
1039 1113 1064 1170 si
1087 1130 1167 1187 quem
1215 1113 1219 1117 “

131 1225 242 1276 tuorum
263 1218 394 1274 aillictum
415 1235 541 1276 maerore
562 1217 678 1292 uideris,
696 1220 760 1275 huic
776 1206 966 1292 acipenserem
979 1221 1168 1294 potiusquam
1215 1210 1219 1220 “

131 1326 252 1399 aliquem
274 1325 444 1384 Socraticum
465 1325 593 1381 libellum
614 1322 716 1382 dabis?
749 1326 878 1398 hydrauli
898 1327 1049 1385 homborc
1070 1333 1103 1385 ut
1121 1342 1168 1384 au·

132 1433 188 1490 diat
208 1448 294 1489 uoces
315 1430 407 1504 potius
429 1449 512 1505 quam
533 1428 679 1489 Platonis?
701 1448 835 1505 expones,
858 1448 930 1506 quae
951 1439 1059 1506 spectet
1074 1432 1169 1490 tlorida

133 1548 162 1599 et
187 1536 287 1601 uaria?
321 1537 484 1595 fasciculum
511 1539 546 1595 ad
567 1555 648 1595 nares
669 1536 857 1596 admoucbis‘t
888 1538 1024 1596 incendes
1046 1534 1168 1596 odores?

135 1639 193 1726 [et]
217 1645 297 1703 sentis
319 1644 442 1701 redimiri
463 1643 573 1702 iubebis
595 1651 623 1702 et
642 1640 729 1702 rosa?
752 1644 783 1702 Si
803 1662 872 1702 uero
894 1645 1001 1719 aliquid
1020 1645 1169 1703 etiam-a

133 1760 192 1810 tum
213 1754 295 1829 plane
316 1752 421 1807 luctum
442 1767 553 1807 omnem
574 1751 747 1808 absterseris.

217 1857 297 1914 XIX.
308 1853 358 1914 44.
375 1857 454 1913 Haec
464 1856 585 1928 Epicuro
607 1858 762 1915 confitenda
784 1865 856 1933 sunt,
869 1864 916 1915 aut
936 1875 1072 1932 ea‚0quae
1088 1860 1170 1916 modo

133 1979 264 2035 expressa
285 1962 320 2018 ad
341 1963 459 2019 uerbum
479 1963 546 2037 dixi,
565 1965 686 2022 tollenda
702 1965 737 2022 de
754 1964 838 2040 libro,
860 1967 907 2022 uel
929 1971 1003 2023 totus
1024 1965 1100 2023 liber
1120 1983 1170 2038 po-

134 2070 188 2126 tius
210 2067 388 2154 abiciundus;
411 2075 454 2126 est
474 2069 549 2126 euim
570 2070 710 2128 confertus
731 2071 929 2143 uoluptatibus.
974 2071 1171 2140 Quaerendum

130 2175 228 2249 igitur,
250 2176 482 2248 quemadmodum
498 2176 669 2249 aegritudine
691 2177 834 2250 priuemus
857 2194 931 2252 eum,
954 2178 1003 2252 qui
1025 2178 1064 2236 ita
1085 2179 1171 2236 dicat:

176 2313 218 2325 -
239 2283 295 2340 Pol
314 2276 383 2340 milei
402 2262 521 2358 sonuere
541 2288 632 2356 megia
653 2302 727 2341 auae
748 2285 811 2358 defit
832 2300 916 2359 quam
935 2299 1033 2356 genua.

179 2390 307 2463 Namque
325 2404 440 2461 regnum
460 2393 621 2462 suppetebat
640 2393 689 2465 mi,
706 2396 739 2447 ui
758 2393 842 2466 seiae,
865 2397 970 2464 poento
993 2409 1008 2448 e
1030 2393 1104 2466 loeo,

179 2495 300 2591 Quantis
312 2499 431 2571 opibus,
455 2494 554 2571 quibua
576 2500 608 2554 de
627 2498 709 2554 retes
725 2497 815 2570 'lapsa
834 2500 953 2571 fortuna
974 2503 1095 2557 occidet.

137 2601 233 2675 Quid'l
267 2605 331 2661 huic
358 2606 429 2662 calix
457 2604 540 2662 mulsi
561 2603 757 2677 impingendus
779 2610 838 2680 cst,
871 2609 902 2661 ut
921 2605 1033 2677 plorare
1056 2606 1174 2680 desinat,

138 2719 186 2770 aut
206 2711 311 2786 aliquid
333 2709 494 2769 eiusmodi?
509 2712 583 2769 Ecce
595 2711 644 2787 tilii
663 2729 697 2768 ex
709 2713 793 2768 altera
809 2717 886 2784 parte
907 2713 943 2768 ab
965 2713 1065 2770 eodem
1076 2717 1174 2787 potita:

55 2843 60 2852 ,
123 2866 130 2881 .,
178 2818 227 2875 Ee
249 2821 347 2892 opilea
370 2822 481 2876 summit
503 2821 565 2892 epia
587 2835 677 2891 egeae,
698 2819 813 2892 Hector,
837 2825 909 2874 tace.

136 2925 211 2983 Huic
232 2924 382 2981 subuenire
405 2925 556 2998 debemus;
579 2925 687 2998 quaerit
708 2925 783 2981 enim
805 2923 952 2981 auxilium:
1022 2926 1024 2929 ’
1113 2986 1118 2996 ,

182 3029 258 3098 Quid
274 3035 369 3101 petam
385 3033 514 3102 praesidi
535 3036 585 3087 aui
606 3046 736 3104 exequar,
759 3048 849 3105 queue
869 3048 942 3088 euno

62 3156 64 3161 ⁴
102 3189 104 3193 ,
179 3134 293 3193 docilia
316 3135 383 3192 exili
405 3137 546 3211 aelfego
566 3137 641 3211 seete
662 3137 737 3194 simi

179 3239 247 3300 Arce
268 3247 293 3299 et
313 3244 380 3299 urbe
401 3244 471 3299 erdo
492 3261 560 3300 sem.
606 3241 668 3311 Quo
692 3247 829 3318 anaidem,
853 3261 908 3318 pao
931 3244 1090 3317 applicem?

182 3351 236 3436 Cui
253 3367 301 3408 aec
322 3367 389 3406 eree
405 3353 519 3422 petrice
541 3353 615 3408 domi
636 3355 728 3424 rtont;
748 3352 856 3424 fractae
878 3357 904 3408 et
926 3355 1055 3409 disiectae
1070 3356 1177 3429 iocati,

164 3667 167 3674 ¹
207 3607 310 3672 uolent)
327 3608 370 3659 Sic
386 3607 453 3659 Non.
467 3624 495 3673 p.
514 3607 555 3659 26
580 3610 667 3660 nolent
685 3608 715 3657 0.
759 3609 847 3666 uiam)
870 3609 923 3659 uim
941 3609 1009 3682 Nep.
1027 3609 1079 3660 tt
1116 3610 1178 3661 etu-

101 3718 106 3736 ι
140 3692 238 3743 ciuntur
256 3689 311 3757 cae)
328 3694 391 3744 fluant
406 3701 506 3744 uestrae
522 3694 589 3744 Noa.
623 3690 743 3756 refertus)
761 3693 837 3743 reiert
845 3694 874 3743 P.
906 3692 948 3748 43.
959 3693 1080 3758 hancine)
1089 3694 1175 3746 haaro-

132 3776 197 3826 cine
212 3775 266 3826 ΡΟ.
302 3777 438 3843 afflictum)
455 3780 572 3828 allectum
589 3778 656 3828 lien.
671 3792 700 3841 p.
715 3774 785 3826 550.
819 3778 931 3843 uideris)
948 3778 1050 3828 uidebis
1067 3778 1113 3836 ll„
1130 3779 1179 3829 aed

141 3874 208 3910 corr.
233 3861 263 3909 tn
287 3861 391 3911 uideris.
418 3861 610 3925 acipenserem)
631 3862 819 3924 accipenserem
846 3862 877 3911 tt.
921 3863 1120 3923 accipienserem
1146 3862 1178 3912 Ρ.

141 3943 277 4007 hydrauli}
294 3945 390 4013 hydrali
407 3946 461 3999 ΒΡ.
506 3943 633 4010 expones)
652 3956 779 4007 exponens
796 3945 849 3994 ΒΡ.
884 3943 954 4010 [et])
968 3947 1024 3996 aine
1041 3959 1102 3998 uae.
1122 3947 1178 3998 ΒΡ.

141 4025 184 4078 44.
202 4032 246 4076 aut
262 4027 305 4091 ea)
322 4033 350 4077 ut
368 4041 396 4078 ea
413 4029 444 4078 P.
478 4027 622 4092 priuemus)
639 4028 769 4089 priuemur
784 4026 819 4077 lt.
851 4038 925 4090 supp.
945 4027 998 4093 mi)
1016 4043 1092 4093 supp.
1110 4030 1178 4081 mint

142 4112 195 4165 ltu.
220 4109 961 4181 occidat)cecideruuaestuutudadaattteepaeto.
979 4113 1049 4178 tuga)
1060 4113 1176 4178 lugeat).
