2610 4634
675 290 758 337 mv

196 482 276 543 tione
303 478 385 559 (non
406 479 476 556 cen)
505 484 604 539 ortum
626 485 693 539 esse
713 480 849 557 uidetur,
873 496 927 539 nec
948 481 1079 541 admittit
1098 481 1157 544 hoc
1179 501 1237 546 ue·

195 598 335 679 nebulum¹
354 599 518 679 sententir3
541 605 635 656 tamen
652 597 730 656 enim
744 597 854 657 indicat
865 600 1008 676 opposita
1019 592 1236 676 enuntiatinnis

81 725 83 732 '
162 704 165 711 ¹
194 717 342 796 membra,
370 717 424 777 sed
453 717 654 794 interponere
676 709 735 774 nnis
756 723 938 776 contemnunt
958 721 989 777 et
1010 719 1125 796 copiam
1146 739 1236 798 quae·

193 844 265 894 runt
285 817 492 895 non'muitum
514 837 560 893 est
582 834 769 895 discriminis.
810 833 922 895 Uerum
943 835 1101 896 discrimen
1124 842 1181 918 est,
1207 841 1235 901 si

193 971 252 1012 non
274 952 422 1014 delemus:
451 971 578 1030 „periere
606 954 726 1030 quidem
755 961 950 1029 contemnunt,
981 955 1010 1014 id
1033 959 1080 1014 est
1101 957 1235 1034 singulas

194 1072 375 1149 uoluptates,
398 1089 472 1148 ques
494 1074 665 1150 extenuant,
687 1072 739 1130 sed
762 1080 905 1149 quaerunt
924 1068 1063 1151 copiam.”

276 1192 299 1264 §
324 1185 368 1249 95
402 1207 439 1248 ex
465 1187 559 1249 Orelli
587 1191 772 1250 coniectura:
808 1199 840 1249 ut
867 1198 894 1248 et
927 1191 1103 1269 uoluptatem
1138 1157 1235 1273 sepiat

193 1307 300 1385 scripsi
322 1311 353 1368 et
375 1303 480 1382 §102
502 1326 538 1367 ex
561 1307 653 1367 Wcifi
674 1309 705 1367 iu
725 1317 825 1367 nostra
846 1308 934 1381 urbc;
959 1312 1119 1387 utrumque
1142 1330 1234 1390 quam

192 1443 286 1503 prope
307 1427 429 1486 accedat
443 1427 479 1486 ad
503 1427 636 1487 codicum
659 1428 832 1506 scripturas,
855 1425 1044 1487 manifestum
1069 1432 1125 1489 est.
1169 1430 1233 1490 Dc-

152 1555 158 1566 ’
193 1545 283 1622 nique
314 1547 336 1618 §
364 1540 427 1605 119
457 1555 546 1624 putas
574 1547 736 1606 indicatiuo
763 1546 850 1606 medo
880 1548 985 1624 scripsi
1019 1565 1073 1624 pro
1106 1548 1231 1626 uulgato

192 1671 284 1740 puter,
298 1663 393 1740 enque
410 1664 523 1724 ducunt
534 1662 623 1724 etienr
645 1665 780 1724 codicum
794 1665 931 1741 uestigia,
955 1666 1007 1742 qui
1024 1665 1103 1724 uider
1120 1667 1233 1728 habent

192 1781 354 1840 indicetinn
376 1782 474 1842 modo.
528 1781 593 1842 Hoc
621 1784 718 1858 ipsum
745 1783 824 1842 uides
851 1802 944 1860 quum
972 1783 1112 1861 explicari
1140 1803 1231 1862 posse

192 1916 250 1959 non
273 1890 442 1978 crederem,
464 1918 508 1959 ne
536 1901 738 1979 recipiendum
761 1903 881 1978 quidem
902 1903 1022 1981 putaui,
1050 1882 1229 1980 pracsertim

193 2035 286 2095 quum
307 2036 387 2077 mern
400 2019 577 2096 negligentis
591 2025 689 2080 ortum
702 2038 769 2080 esse
783 2022 953 2099 uideretur3
977 2021 1229 2098 negligentissime

193 2137 271 2195 enim
305 2135 379 2196 haec
411 2137 479 2196 iibri
511 2139 608 2215 quinti
648 2156 717 2215 pers
751 2139 799 2200 uel
844 2141 873 2199 in
915 2141 1036 2218 optimis
1075 2140 1228 2201 codicibus

191 2255 302 2332 scripte
323 2258 370 2315 est
393 2255 463 2328 (cir.
485 2256 615 2316 uarietas
637 2259 814 2339 scripturae,
830 2277 907 2348 quae
929 2260 966 2319 ad
989 2261 1035 2334 ὃς
1058 2227 1229 2320 ile-luo

191 2373 352 2450 pertinet).

326 2574 445 2626 Hnunine
461 2587 551 2626 mense
570 2576 707 2627 Decembri
725 2589 748 2629 n.
766 2573 937 2629 MDCCCXL.
