2610 4634
458 314 534 359 xro.
558 303 593 359 V.
637 315 719 359 cae.
740 299 836 362 4-5.
1107 301 1168 365 153

131 507 168 562 ad
190 507 345 576 Socratem,
367 503 415 576 qui
437 504 615 574 Archelaum,
637 504 820 575 Anaxagorae
842 504 1019 578 discipulum,
1032 505 1168 579 audierat,

129 612 241 670 numeri
263 618 410 684 motusque
432 611 678 692 tractabantur,·et
698 611 773 667 unde
796 611 889 668 omnia
911 619 1055 692 orerentur
1076 629 1169 687 quoue

131 720 303 798 reciderent3
325 717 505 790 studioseque
527 718 562 773 ah
584 717 618 773 iis
644 717 768 774 siderum
785 719 999 792 magnitudines,
1011 720 1167 793 interualla,

130 843 229 884 eursus
252 826 469 899 anquirebantur
490 830 518 880 et
539 831 634 880 cuncta
655 826 795 880 coelestia.
847 827 975 886 Socrates
997 833 1089 883 autem
1110 827 1169 899 pri-

130 951 193 990 mus
217 931 423 1005 philosophiam
445 932 593 987 deuocauit
620 948 636 988 e
664 935 743 988 coelo
772 932 849 989 etin
877 934 994 991 urbibus
1022 935 1169 991 collocauit

131 1047 159 1097 et
179 1040 208 1096 in
230 1040 331 1095 domus
353 1039 436 1095 etiam
457 1038 608 1094 introduxit
629 1045 656 1095 et
677 1040 770 1111 coegit
791 1041 826 1096 de
848 1039 905 1096 uita
927 1047 955 1096 et
976 1041 1100 1098 moribus
1123 1059 1169 1098 re-

131 1148 242 1220 busque
264 1147 346 1203 honis
375 1152 402 1202 et
428 1145 509 1202 malis
532 1161 676 1218 quaerere.
732 1145 781 1204 11.
811 1148 899 1203 Cuius
927 1147 1072 1219 multiplex
1100 1149 1169 1205 ratio

132 1254 291 1327 disputandi
313 1270 463 1326 rerumque
485 1252 603 1309 uarietas
627 1252 769 1324 elingent
792 1254 962 1327 magnitudo,
974 1256 1098 1313 Platonis
1109 1274 1169 1313 me·

131 1361 222 1419 moria
245 1367 272 1417 et
293 1360 391 1417 litteris
414 1366 583 1431 consecrata,
606 1361 686 1430 plura
709 1376 811 1430 genera
837 1360 928 1417 effecit
948 1361 1170 1419 dissentientium

131 1468 383 1542 philosophorum,
407 1484 422 1523 e
445 1467 547 1540 quihus
570 1483 621 1522 nos
644 1466 672 1520 id
694 1466 870 1538 potissimum
899 1468 1040 1524 consecuti
1063 1485 1169 1541 sumus,

131 1592 189 1651 quo
212 1577 357 1632 Socratem
379 1590 461 1631 usum
482 1573 702 1645 arbitrabamur,
732 1579 763 1629 ut
789 1579 910 1630 nostram
931 1574 985 1646 ipsi
1008 1575 1171 1631 sententiam

131 1690 308 1755 tegeremus,
337 1699 433 1738 errore
462 1681 531 1737 alios
555 1683 729 1750 tenuemus,
763 1687 790 1736 et
817 1682 845 1736 in
873 1684 948 1738 omni
975 1682 1169 1753 disputatione,

132 1791 201 1865 quid
224 1797 298 1846 esset
319 1788 491 1845 simillimum
512 1787 584 1859 ueri,
607 1804 813 1860 quaereremus.
858 1789 948 1857 Quem
965 1807 1072 1846 morem
1084 1806 1171 1862 quum

133 1898 291 1972 Carneades
314 1895 473 1951 acutissime
496 1893 744 1967 copiosissimeque
766 1896 912 1969 tenuisset,
930 1896 1046 1952 lecimus
1058 1903 1086 1952 et
1102 1897 1170 1953 alias

132 2022 217 2078 saepe
238 2009 267 2060 ct
285 2019 378 2074 nuper
397 2001 426 2058 iu
439 2003 610 2074 Tusculano,
628 2008 659 2058 ut
680 2002 716 2057 ad
737 2019 799 2059 earn
821 2005 1051 2062 consuetudinem
1073 2004 1170 2076 dispu-

133 2119 264 2169 taremus.
306 2110 344 2165 Et
371 2109 520 2182 quadridui
547 2108 660 2181 quidem
690 2126 848 2165 sermonem
870 2111 1065 2182 superioribus
1087 2112 1123 2168 ad
1145 2118 1171 2167 te

132 2218 318 2293 perscriptum
339 2214 419 2273 libris
446 2215 590 2288 misimus3
613 2214 709 2288 quinto
731 2222 824 2273 autem
846 2215 890 2272 die
913 2234 999 2289 quum
1022 2207 1172 2274 eodem'in

133 2329 197 2384 loeo
220 2323 463 2396 consedissemus,
486 2322 526 2378 sic
548 2328 590 2378 est
610 2321 795 2394 propositum,
818 2323 853 2379 de
878 2340 935 2397 quo
958 2323 1172 2396 disputaremus.

219 2433 253 2487 V.
289 2427 337 2486 12.
369 2431 406 2489 A.
434 2431 499 2486 Non
526 2429 594 2485 mibi
623 2430 735 2486 uidetur
762 2430 797 2484 ad
825 2431 904 2488 beate
933 2431 1085 2489 uiuendum
1106 2433 1172 2490 satis

134 2556 219 2613 posse
240 2537 380 2595 uirtutem.
424 2539 463 2596 M.
485 2540 523 2593 At
544 2537 658 2593 hercule
680 2537 767 2594 Bruto
790 2554 853 2593 meo
874 2537 995 2610 uidetur,
1019 2527 1097 2596 euius
1119 2556 1172 2612 ego

133 2647 278 2717 iudicium,
301 2661 369 2716 pace
391 2651 436 2701 tua
459 2644 587 2716 dixerim,
609 2646 692 2716 longe
716 2651 853 2716 antepono
876 2651 933 2701 tuo.
976 2646 1011 2702 A.
1034 2647 1097 2703 Non
1119 2647 1172 2703 du-

134 2755 209 2827 bito,
231 2769 283 2808 nee
303 2752 333 2807 id
355 2768 428 2807 nune
450 2751 556 2823 agitur,
590 2758 619 2807 tu
641 2752 721 2808 illurn
752 2759 884 2824 quantum
907 2769 1000 2824 ames3
1029 2755 1079 2810 sed
1101 2754 1172 2826 hoe,

135 2862 211 2935 quod
222 2859 290 2916 mihi
303 2858 360 2915 dixi
373 2858 473 2931 uideri,
493 2860 576 2931 quale
592 2859 643 2932 sit,
666 2860 702 2916 de
724 2876 807 2932 quoa
826 2866 852 2915 te
875 2860 1009 2932 disputari
1021 2861 1098 2916 uolo.
1131 2860 1173 2918 M.

134 2971 243 3040 Nempe
255 2983 340 3038 negas
353 2967 388 3021 ad
406 2967 486 3021 beate
498 2965 650 3021 uiuendum
664 2965 727 3022 satis
739 2983 823 3039 posse
835 2963 987 3024 uirtutem?
1008 2967 1042 3023 A.
1054 2967 1174 3024 Prorsus
1207 3043 1209 3046 ι

135 3090 219 3147 nego.
231 3074 271 3131 M.
279 3070 375 3142 Quid?
389 3074 424 3128 ad
436 3078 519 3144 reete,
528 3073 654 3146 honeste,
663 3075 849 3148 laudabiliter,
859 3083 1000 3148 postremo
1008 3074 1043 3131 ad
1052 3075 1173 3132 beueui-

135 3182 259 3239 nendum
281 3179 382 3236 satisne
400 3187 441 3237 est
463 3179 584 3252 praesidi
596 3181 624 3236 in
637 3179 760 3238 uinute?
782 3183 816 3237 A.
831 3183 912 3239 Certe
935 3181 1010 3239 satis.
1054 3183 1094 3241 M.
1117 3183 1174 3238 Po·

134 3297 177 3346 tes
199 3288 286 3360 igitur
307 3295 370 3361 aut,
393 3287 441 3361 qui
463 3289 535 3343 male
558 3287 648 3361 uiuat,
684 3306 739 3345 nou
762 3307 826 3346 eum
848 3291 982 3346 miserum
1004 3289 1095 3345 dicere
1117 3295 1174 3361 aut,

136 3413 220 3470 quem
247 3396 320 3452 hene
342 3396 455 3466 fateare,
480 3411 544 3450 eum
565 3410 667 3465 negare
678 3395 758 3451 beate
781 3393 902 3452 uiuere?
924 3396 958 3452 A.
981 3393 1084 3463 Quidni
1107 3411 1174 3466 pos·

136 3500 214 3560 siml
236 3504 307 3560 Nam
330 3502 413 3559 etiam
434 3503 463 3558 iu
485 3501 629 3558 tormentis
647 3509 730 3574 recte,
749 3502 875 3573 honeste,
894 3502 1069 3559 laudabiliter
1090 3508 1117 3557 et
1139 3502 1175 3558 ob

136 3628 199 3668 eam
222 3627 281 3668 rem
302 3611 374 3667 hene
395 3609 454 3665 uiui
477 3613 578 3683 potest,
601 3610 752 3668 dummodo
775 3608 923 3682 intelligas,
947 3609 1015 3682 quid
1037 3626 1110 3664 nune
1131 3607 1174 3664 di·

208 3913 249 3962 to.
267 3917 415 3975 orerentur)
433 3915 557 3963 orirentur
576 3914 608 3963 0.
643 3912 803 3975 reciderent)
831 3914 976 3963 recederent
992 3912 1044 3962 lte.
1079 3915 1111 3963 ah
1130 3914 1177 3978 iis)

90 4012 93 4016 ’
137 4000 169 4048 ah
187 3998 322 4047 hisRPO.
358 3997 465 4062 demus)
485 3997 619 4048 dumoso.
653 3998 691 4046 ll.
710 3995 806 4062 etleelt)
824 3999 972 4047 efficitRP.
1008 3999 1038 4047 ad
1058 3999 1125 4060 earn)
1144 4000 1176 4048 ad

137 4082 228 4132 eudem
246 4082 288 4136 R..
305 4083 351 4131 aad
369 4097 434 4131 corr.
452 4084 481 4131 tn
498 4083 530 4132 ad
548 4095 615 4132 carn.
634 4081 784 4146 quadridui)
802 4084 928 4145 quatridui
949 4084 978 4133 0.
1014 4085 1045 4133 ad
1064 4086 1100 4145 te)
1119 4096 1132 4132 a
1150 4088 1175 4131 te

138 4167 192 4216 ΒΡ.
231 4167 271 4217 12.
290 4165 353 4231 hoc)
371 4168 403 4218 de
421 4169 469 4220 hoc
486 4168 519 4220 R.
1049 4163 1053 4171 '
