2610 4634
190 279 233 342 60
400 292 629 341 rocconem
667 291 1019 348 nrwurnruouuu

273 480 372 540 Amocc
392 488 491 542 mortis
513 486 656 541 micum
677 486 827 555 acquirens
847 485 933 554 mali3

275 590 331 647 Sed
352 592 432 662 loaqe
454 609 472 647 a
494 593 550 674 leto,
568 593 678 646 nomiae
699 590 821 661 aspellor
843 590 932 647 lactc

274 694 363 768 Atque
383 699 450 754 baec
470 702 589 767 uetusta,
611 697 708 753 saeclis
730 697 885 766 qlomcrata
906 699 1041 771 horridis,

274 803 408 876 laetifica
429 805 520 860 clades
541 779 750 874 aoctco'iafiaa
771 807 811 858 cst
832 807 954 877 corpori,

274 908 303 963 E
325 927 380 982 qao
403 910 526 981 liquatae
547 910 616 965 solis
639 913 739 965 ardore
761 912 889 966 occidunt

278 1014 388 1089 Guttae,
412 1031 483 1088 quac
505 1034 578 1072 saaa
600 1019 710 1072 macac
730 1017 871 1072 instillant
892 1016 1021 1073 Caucasi.

191 1122 243 1178 Xl.
265 1122 320 1180 Uix
340 1122 424 1193 igitur
444 1139 529 1194 posse
550 1122 679 1179 uidemur
700 1123 737 1178 ita
759 1122 886 1179 affectum
907 1139 962 1178 nou
984 1123 1118 1179 miserum
1136 1123 1230 1181 didere

191 1233 229 1299 ct,
256 1227 280 1284 si
301 1228 374 1285 hunc
395 1229 537 1302 miserum,
560 1235 633 1286 certe
655 1228 783 1285 dolorem
804 1231 917 1286 malum.

274 1331 325 1394 26.
352 1336 386 1392 A.
410 1337 454 1392 Tu
475 1337 589 1408 quidem
610 1336 699 1392 adhuc
724 1353 815 1393 meam
836 1329 947 1392 causam
967 1334 1038 1406 agis.
1089 1336 1148 1393 Sed
1175 1336 1230 1391 boc

190 1456 256 1496 mox
279 1440 384 1497 uidem.
438 1444 545 1499 Interea
573 1444 656 1499 unde·
675 1443 720 1499 isti
749 1439 870 1499 uersus?
902 1458 958 1497 nou
987 1443 1062 1498 enim
1094 1457 1229 1513 agnosco.

192 1548 233 1605 Μ.
255 1547 352 1603 Dicam
379 1550 482 1606 hercle.
530 1549 640 1606 Etenim
666 1556 739 1605 recte
768 1548 897 1622 requiris.
943 1548 1061 1604 Uidesnc
1086 1547 1228 1604 abundare

191 1670 237 1710 me
259 1652 337 1711 otio?
359 1657 394 1714 A.
416 1655 491 1723 Quid
513 1653 593 1712 tum?
616 1659 656 1714 M.
668 1655 755 1712 Fuisti
780 1671 872 1726 saepe,
896 1656 989 1728 credo,
1012 1670 1100 1727 quum
1111 1653 1229 1710 Athenis

192 1777 280 1833 esses,
302 1761 331 1816 iu
353 1761 456 1818 scholis
478 1761 718 1834 philosophorum.
757 1761 792 1846 A.
814 1763 888 1818 Uero
910 1778 943 1817 ac
964 1760 1083 1817 libenter
1104 1759 1228 1831 quidem.

191 1867 231 1923 Μ.
253 1867 499 1924 Animaduertebas
528 1867 624 1940 igitur,
652 1869 704 1925 elsi
731 1876 789 1924 tum
816 1884 899 1924 nemo
928 1874 986 1924 crat
1007 1866 1158 1923 admodum
1179 1883 1228 1922 co·

192 1971 299 2045 piosus,
321 1990 419 2030 uerrrm
435 1982 525 2032 umen
547 1990 645 2031 uersus
667 1975 701 2031 ab
725 1974 767 2031 bis
789 1974 937 2030 admisceri
959 1972 1087 2031 orationi.
1131 1973 1166 2028 A.
1187 1974 1228 2028 Ac

192 2079 293 2135 multos
316 2081 429 2151 quidem
450 2099 465 2138 a
486 2081 622 2153 Dionysio
646 2080 748 2137 Stoico.
803 2083 844 2138 M.
866 2082 959 2137 Probe
989 2079 1068 2135 dicis.
1126 2081 1183 2136 Sed
1203 2079 1228 2136 is

192 2185 274 2257 quasi
295 2185 393 2243 dictata
420 2189 497 2244 nrrllo
525 2188 648 2260 delectu,
678 2188 755 2271 trulla
783 2187 935 2260 elegantia3
968 2185 1050 2242 Philo
1078 2193 1174 2243 noster
1202 2193 1229 2243 et

192 2293 263 2348 lecta
284 2296 409 2365 paimolo
435 2301 463 2350 et
488 2296 550 2350 loco
583 2295 758 2365 adiungebat
800 2296 898 2366 ltaque
925 2299 1073 2366 postquam
1101 2292 1229 2350 adamaui

73 2397 76 2402 ⁴
106 2426 109 2432 ·
192 2399 264 2479 banc
285 2399 364 2472 quasi
384 2401 502 2457 senilem
523 2400 766 2472 declamationem,
795 2400 919 2457 studiose
940 2400 1069 2473 equidem
1091 2406 1156 2455 utor
1177 2417 1227 2456 nc·

193 2506 257 2564 stris
278 2507 384 2580 poe'tis3
419 2508 485 2581 sed,
514 2507 604 2564 sicubi
624 2506 667 2564 illi
689 2506 859 2578 defecerunt,
882 2505 954 2563 uerti
976 2508 1062 2563 multa
1083 2507 1119 2563 de
1140 2506 1228 2563 Grae·
1256 2560 1267 2571 ,,

193 2614 244 2688 eis,
265 2631 383 2688 ne‘quo
402 2623 561 2672 ornamento
584 2614 612 2671 in
634 2615 687 2671 boc
709 2630 811 2686 genere
832 2612 1025 2686 disputationis
1047 2618 1154 2669 careret
1174 2614 1229 2669 La-

192 2721 248 2778 tina
270 2721 367 2779 oratio.
410 2719 539 2782 erased
562 2722 692 2794 uidesne,
715 2723 813 2793 politae
834 2720 902 2792 quid
923 2719 989 2776 mali
1010 2715 1147 2776 afferant?
1175 2721 1230 2777 La·

192 2829 498 2902 mentualesjnducuut
520 2828 685 2885 fortissimos
707 2827 800 2898 uiros,
829 2827 957 2883 molliunt
977 2825 1085 2882 animos
1106 2832 1229 2895 nostros,

192 2934 230 2990 ita
252 2940 317 2989 sunt
337 2934 437 2991 deinde
458 2934 570 3005 dulces,
593 2941 701 2989 utnon
723 2935 849 3004 legantur
870 2934 974 3004 modo,
997 2934 1048 3016 sed
1070 2932 1152 2988 etiam
1170 2931 1230 2989 edi-

194 3045 313 3097 scantur.
358 3040 404 3096 Sic
425 3040 460 3096 ad
481 3042 582 3097 malam
604 3039 784 3096 domesticam
807 3040 981 3119 disciplinam
1003 3037 1144 3110 uitamque
1166 3055 1230 3094 um-

193 3145 323 3203 bratilem
351 3152 378 3202 et
405 3145 548 3203 delicatam
575 3123 661 3220 quum
689 3153 866 3203 accesserunt
886 3147 966 3204 etiarn
994 3149 1102 3218 poitae,
1126 3161 1231 3200 neruos

194 3270 290 3310 omnes
312 3252 421 3310 uirtutis
443 3253 559 3310 elidunt
591 3256 675 3312 Recte
697 3253 781 3325 igitur
802 3271 818 3309 a
844 3255 959 3310 Platone
982 3251 1118 3309 eiciuntur
1141 3267 1175 3304 ex
1197 3266 1231 3304 ea

194 3361 312 3431 ciuitate,
335 3376 417 3433 quarn
440 3360 519 3416 finxit
539 3361 597 3433 ille,
620 3379 706 3435 quum
729 3361 847 3433 optimos
870 3377 962 3416 mores
984 3364 1012 3414 et
1031 3357 1166 3426 optimum
1189 3353 1231 3410 rei

193 3469 321 3542 publicae
343 3473 443 3525 emtum
464 3467 630 3539 exquireret
662 3467 700 3523 At
720 3484 788 3524 uero
810 3483 871 3536 noe,
894 3465 968 3522 docti
991 3463 1096 3521 scilicet
1113 3443 1231 3517 aGrae·

192 3577 249 3648 cia,
280 3577 348 3633 baec
370 3580 397 3631 et
417 3593 432 3631 a
455 3573 570 3647 pucritia
592 3574 709 3645 legimus
731 3580 759 3629 et
779 3573 927 3646 discimus,
955 3572 1025 3628 hanc
1047 3567 1232 3626 eruditionem

141 3735 150 3753 ,
192 3681 336 3739 liberalem
358 3688 386 3738 et
406 3681 558 3737 doctrinam
580 3688 715 3752 putamus.

260 3893 303 3941 26.
322 3891 435 3955 deiectu)
453 3895 547 3942 dilectu
566 3893 596 3944 R.
633 3892 706 3941 Pbiio
726 3893 827 3951 noster)
853 3892 927 3941 Philo
950 3898 974 3941 ct
996 3890 1125 3952 proprium
1145 3894 1234 3936 noster

192 3977 225 4028 lt.
250 3977 324 4026 Philo
341 3984 427 4026 nostor
444 3983 468 4027 et
485 3976 614 4038 proprium
634 3988 766 4024 numerum
787 3974 817 4024 0.
853 3975 932 4036 uerti)
950 3976 1013 4023 uerti
1034 3975 1101 4023 cuim
1121 3973 1153 4021 R.
1186 3971 1230 4021 27.

193 4059 331 4116 eiciuntur)
348 4061 467 4110 dicuntur
485 4062 524 4118 R,
545 4061 590 4108 scd
608 4074 674 4110 corr.
692 4061 720 4108 in
738 4061 878 4122 ducuntur3
893 4061 1036 4110 educuntur
1051 4057 1081 4105 0.
1119 4057 1233 4118 optimos

192 4144 292 4212 mores)
313 4156 396 4195 mores
414 4151 464 4208 opt.
484 4143 516 4192 0.
621 4212 626 4218 ¹
712 4216 715 4224 Ι
