2610 4634
189 256 234 318 ,40
398 272 627 317 ruscuuau.
662 272 1012 334 nrsru'rsrrouuu

191 477 309 518 numero
330 459 426 518 haberi
449 462 554 537 uolunt,
577 461 710 536 euaseris,
732 462 768 520 ad
784 477 833 520 eos
849 461 955 537 uenire,
968 461 1018 536 qui
1035 477 1101 519 uere
1118 462 1224 522 iudices

191 569 379 642 appellentur,
402 569 545 644 Minoem,
567 569 820 644 Rhadamanthum,
842 571 980 643 Aeaeum,
1010 569 1223 646 Triptolemum,

190 677 396 750 conuenireque
418 694 484 752 eos,
507 677 555 749 qui
576 677 647 734 iuste
669 683 696 734 et
717 695 780 734 cum
801 677 856 734 fide
877 676 1012 734 uixerintl
1039 677 1119 735 Haec
1141 695 1224 751 pere-

191 783 308 856 grinatio
330 784 478 843 mediocris
499 785 580 842 uobis
601 784 691 842 uideri
713 780 825 857 potest?
847 786 895 842 ⁴Ut
920 801 988 841 uero
1016 785 1140 859 colloqui
1162 801 1224 842 cum

192 892 315 966 Orpheo,
337 868 464 965 Musaeo,
475 893 611 965 Homero,
633 891 759 949 Hesiodo
780 892 869 966 liceat,
892 892 987 966 quanti
1008 892 1119 950 tandem
1140 891 1224 950 aesti-

190 997 292 1058 matis?
324 1001 462 1074 Equidem
484 1017 566 1073 saepe
588 999 691 1073 emori,
721 999 746 1056 si
767 999 828 1056 heri
849 1005 960 1072 posset,
989 1001 1106 1073 uellem,
1129 1005 1161 1056 ut
1181 1017 1223 1073 ea,

190 1125 262 1180 quac
290 1107 368 1182 dico,
397 1108 465 1164 mihi
493 1108 589 1165 liceret
616 1107 750 1163 inuenire.
794 1108 901 1175 Quanta
930 1106 1110 1164 delectatione
1133 1113 1224 1164 autem

190 1213 324 1288 afficerer,
349 1233 435 1290 quum
455 1216 642 1290 Palamedem,
665 1232 751 1289 quum
772 1215 895 1289 Aiacem,
919 1232 1005 1289 quum
1027 1215 1097 1273 alios
1120 1214 1223 1271 iudicio

188 1319 285 1396 iniquo
307 1323 509 1380 circumuentos
531 1321 734 1381 conuenircm‘l
757 1324 934 1394 Temptarem
951 1323 1032 1379 etiam
1054 1321 1156 1384 summi
1178 1338 1223 1378 re·
1252 1317 1255 1323 “

188 1427 242 1504 gis,
266 1429 314 1504 qui
335 1430 468 1488 maximas
490 1432 584 1504 copias
606 1431 685 1488 duxit
705 1431 740 1488 ad
762 1430 886 1501 Troiam,
908 1436 936 1487 et
956 1429 1031 1508 Ulixi
1053 1428 1223 1503 Sisyphique

176 1538 364 1610 prudentiam
395 1556 447 1596 nec
474 1540 593 1597 obeam
620 1556 703 1612 rem,
724 1556 809 1612 quum
836 1538 904 1595 haec
931 1537 1123 1613 exquirerem,
1153 1535 1223 1594 sicut

188 1644 235 1701 hic
255 1645 400 1718 faciebam,
423 1647 511 1719 capite
533 1647 687 1704 damnarer.
720 1647 762 1702 Ne
776 1662 828 1703 uos
845 1645 969 1719 quidem,
991 1644 1097 1702 iudices
1118 1644 1150 1721 ii,
1172 1642 1221 1717 qui

187 1768 234 1808 me
255 1753 425 1826 absoluistis,
447 1760 564 1810 mortem
584 1752 740 1811 timueritis.
773 1750 823 1812 99.
835 1753 894 1809 Nec
910 1752 985 1811 euim
1003 1751 1132 1826 cuiquam
1146 1752 1221 1808 hono

187 1858 254 1915 mali
276 1859 424 1932 quicquam
445 1860 557 1917 euenire
578 1866 669 1934 potest
690 1878 742 1917 nec
768 1859 834 1918 uiuo
855 1876 907 1916 nec
933 1866 1060 1934 mortim,
1088 1876 1141 1916 nec
1167 1875 1222 1916 un·

188 1980 271 2036 quam
294 1966 352 2023 eius
375 1983 421 2023 res
442 1984 458 2023 a
480 1967 522 2024 dis
544 1967 746 2025 immortalibus
769 1967 962 2042 negligentur,
991 1985 1043 2024 uec
1069 1966 1138 2024 mihi
1166 1964 1221 2039 ipsi

187 2072 241 2128 boc
263 2073 360 2130 accidit
381 2073 504 2130 fortuito.
536 2075 596 2132 Nec
617 2093 684 2133 uero
707 2093 760 2148 ego
783 2075 827 2149 iis,
845 2079 866 2132 'a
888 2075 989 2149 quihus
1011 2080 1153 2132 aecusatus
1175 2080 1221 2130 aut
1259 2074 1262 2079 “

186 2181 326 2254 aquibus
348 2183 546 2239 condemnatus
568 2199 640 2257 sum,
661 2182 752 2240 habeo
774 2183 849 2256 quod
872 2199 1057 2257 suscenseam,
1073 2181 1128 2238 nisi
1145 2180 1221 2254 quod

187 2287 256 2344 mihi
276 2306 378 2346 nocere
400 2306 430 2345 se
452 2287 656 2346 crediderunt.'’
688 2291 725 2347 Et
742 2291 809 2347 haec
825 2290 938 2363 quidem
955 2291 1008 2346 hoc
1029 2289 1129 2361 modo;
1152 2287 1221 2345 nihil

187 2402 278 2453 autem
288 2396 388 2453 melius
400 2403 537 2455 extremo:
560 2399 639 2471 „Sed
660 2402 769 2470 tempus
790 2404 842 2471 est,
864 2396 962 2471 inquit,
985 2397 1040 2454 iam
1061 2395 1126 2452 hinc
1143 2395 1221 2453 abire

186 2520 242 2577 me,
265 2510 295 2561 ut
317 2506 435 2578 moriar,
457 2521 521 2576 uos,
543 2511 573 2562 ut
593 2505 679 2562 uitam
700 2504 797 2576 agatis.
829 2505 927 2561 Utrum
948 2509 1039 2560 autem
1057 2502 1092 2560 sit
1108 2504 1220 2574 melius,

187 2610 215 2667 di
227 2611 397 2669 immortales
409 2612 514 2690 sciqnt3
536 2612 679 2670 hominem
701 2612 814 2686 quidem
831 2611 903 2668 scire
920 2611 1040 2668 arbitror
1052 2606 1220 2667 neminem.”

271 2719 360 2778 XLlI.
388 2721 447 2777 Nae
474 2737 527 2792 ego
554 2721 628 2778 haud
655 2723 750 2793 paullo
776 2721 850 2776 hunc
877 2718 999 2776 animum
1019 2717 1115 2775 malim
1136 2734 1220 2791 quam

186 2843 284 2882 eorum
306 2827 430 2884 omnium
451 2827 585 2900 fortunas,
607 2826 656 2900 qui
678 2827 713 2883 de
734 2827 788 2884 hoc
808 2827 1007 2883 iudicauerunt.
1049 2825 1121 2899 Etsi,
1144 2825 1221 2898 quod

185 2939 296 3006 praeter
317 2933 385 2990 deos
406 2940 489 3005 negat
516 2934 586 2991 scire
613 2950 787 3008 quenquam,
820 2934 849 3004 id
876 2933 928 2991 scit
953 2933 1031 3008 ipse,
1064 2939 1156 2989 utrum
1186 2931 1221 2988 sit

185 3041 302 3113 molius3
320 3059 384 3097 nam
397 3040 464 3097 dixit
475 3047 553 3113 ante;
576 3041 626 3096 sed
637 3057 718 3097 suum
728 3041 808 3115 illud,
820 3041 890 3097 nihil
908 3048 937 3096 ut
953 3041 1080 3112 affirmet,
1100 3046 1175 3097 tenet
1184 3039 1221 3095 ad

115 3194 118 3199 .
186 3152 349 3203 extremum.
404 3146 474 3206 100.
508 3148 566 3204 Nos
591 3153 686 3204 autem
712 3153 869 3222 teneamus,
901 3154 932 3204 ut
959 3147 1029 3204 nihil
1056 3149 1218 3204 censeamus

186 3270 248 3311 esse
269 3256 383 3328 malum,
407 3256 482 3328 quod
504 3255 540 3312 sit
556 3261 677 3312 anatura
694 3255 788 3312 datum
803 3255 946 3328 omuibus,
964 3253 1219 3327 intelligamusque,

130 3431 137 3438 .
187 3360 211 3419 si
232 3379 308 3419 mors
329 3365 433 3419 malum
455 3362 499 3435 sit,
522 3379 584 3419 esse
606 3361 803 3435 sempiternum
824 3365 936 3420 malum.
979 3364 1050 3419 Nam
1071 3361 1142 3417 uitae
1164 3362 1221 3418 mi-

186 3486 264 3526 serae
280 3488 362 3528 ¹mors
380 3471 446 3536 ,finis
469 3439 529 3527 esse
551 3469 677 3543 uidetur;
705 3487 786 3530 mors,
809 3470 834 3527 si
863 3478 905 3528 est
925 3468 1040 3541 misera,
1070 3467 1134 3526 linis
1156 3485 1220 3526 esse

186 3578 279 3633 nullus
301 3585 401 3652 potest.
434 3579 491 3635 Sed
507 3577 575 3651 quid
596 3595 648 3650 ego
672 3579 813 3634 Socratem
833 3585 881 3636 aut
901 3579 1113 3648 Theramenem,
1136 3594 1220 3650 prae-

182 3711 484 3731 Μ

117 3839 120 3845 ¹
253 3775 388 3843 Aeacum)
410 3781 516 3831 Aiacem
535 3781 566 3830 ll.
601 3781 668 3830 iuste
686 3777 728 3846 et)
754 3781 821 3830 iuste
839 3781 871 3830 n.
906 3781 994 3843 iniquo
1013 3779 1220 3844 circumuentos)

185 3860 331 3922 iniquorum
361 3871 451 3915 uentos
477 3866 510 3915 R.
544 3865 588 3915 99.
613 3862 765 3930 accusatus)
794 3878 845 3916 acc.
873 3879 931 3915 sum
960 3865 992 3915 0.
1036 3865 1219 3916 condemnatus

185 3944 254 4006 sum)
274 3948 455 3998 condemnatus
473 3948 505 4002 0.
548 3951 724 4014 suscenseam)
743 3963 908 4001 succenseam
927 3949 958 3999 0.
1001 3950 1055 4001 Nae
1073 3963 1120 4012 ego
1137 3949 1220 4013 haud)

185 4043 218 4079 nc
237 4044 282 4091 ego
299 4037 343 4083 aut
359 4032 392 4080 R.
427 4031 534 4101 malim)
552 4034 650 4085 mallim
667 4035 700 4088 n.
736 4034 794 4085 100.
813 4035 916 4095 misera,
933 4035 992 4086 huis
1010 4033 1088 4101 csse)
1114 4037 1218 4099 misera,

186 4114 304 4166 miseriae
322 4117 338 4166 i.
358 4128 415 4177 osse
433 4116 464 4166 0.
500 4123 545 4185 aut
560 4113 650 4183 Tum)
669 4124 694 4170 ct
709 4106 754 4189 aut
768 4118 844 4178 Ther.
863 4118 908 4180 il.¹
