2610 4634
399 284 475 361 cru.
500 272 548 327 lV.
589 285 671 327 car.
697 269 786 330 1-2.
1051 271 1110 333 115

66 488 169 546 goras,
198 473 247 546 qui
268 474 320 531 luit
340 474 369 531 in
391 475 470 532 ltalia
495 473 666 546 temporibus
688 473 803 547 iisdem,
827 474 929 548 quibus
953 477 984 534 L.
1007 477 1109 534 Brutus

66 583 185 652 patriam
208 580 347 654 liberauit,
370 583 528 652 praeclarus
551 586 647 637 auctor
663 579 815 637 nobilitatis
834 588 904 638 tuae.
937 583 1109 655 Pythagorae

13 668 16 675 ⁴
64 694 161 746 autem
183 687 308 745 doctrina
330 704 416 760 quum
439 689 523 757 longe
545 689 654 759 lateque
677 689 789 760 llueret,
813 688 1018 759 permauauisse
1040 689 1109 747 mihi

65 794 178 852 uidetur
199 793 228 850 iu
251 793 485 865 barrociuitatem3
508 793 592 871 idque
614 811 700 865 quum
711 794 866 851 coniectura
888 794 1032 867 probabile
1054 803 1106 869 est,

66 907 127 958 tum
148 900 317 974 quibusdam
340 901 422 956 etiam
449 899 574 971 uestigiis
597 900 743 959 iudicatur.
788 901 858 969 Quis
881 902 955 959 enim
977 909 1034 975 est,
1057 903 1106 975 qui

65 987 161 1082 putet,
183 1023 270 1080 quum
292 1009 402 1063 lloreret
423 1004 459 1063 in'
472 1007 550 1063 ltalia
572 1008 687 1064 Graecia
710 1007 907 1079 potentissimis
930 1016 958 1065 et
978 1010 1106 1067 maximis

64 1114 184 1172 urbibus
206 1131 249 1186 ea,
262 1131 333 1186 quae
355 1130 454 1185 magua
476 1115 547 1170 dicta
570 1122 621 1186 est,
643 1115 671 1170 in
694 1114 784 1187 iisque
807 1115 929 1188 primum
950 1116 1105 1189 ipsiusPy·

63 1221 207 1293 thagorae,
220 1221 321 1277 deinde
343 1228 439 1292 postea
457 1221 695 1292 Pythagoreorum
708 1228 812 1280 tantum
824 1240 925 1279 nomen
948 1231 1030 1296 esset,
1053 1241 1104 1280 no·

64 1335 188 1385 atrorum
219 1327 363 1383 hominum
395 1328 430 1383 ad
453 1344 550 1384 eorum
583 1327 755 1384 doctissimas
787 1345 871 1385 noces
894 1347 975 1386 aures
998 1331 1104 1386 clausas

63 1431 175 1492 luisse?
211 1432 242 1493 3.
267 1434 340 1504 Quin
363 1434 445 1490 etiam
466 1434 585 1490 arbitror
613 1442 726 1506 propter
754 1436 993 1508 Pythagoreorum
1014 1435 1104 1492 admi-

62 1541 201 1599 rationem
229 1542 348 1598 Numam
380 1558 493 1614 quoque
520 1558 616 1611 regem
642 1541 879 1614 Pythagoreuma
902 1542 1103 1615 posterioribus

60 1647 257 1705 existimatum.
301 1648 373 1704 Nam
402 1664 489 1721 quum
521 1648 693 1720 Pythagorae
725 1647 899 1720 disciplinam
922 1655 950 1704 31
981 1645 1103 1705 instituta

60 1762 265 1826 cognoscerent
291 1755 422 1827 regisque
444 1755 504 1811 eius
532 1755 697 1829 aequitatem
719 1761 747 1811 et
767 1756 929 1826 sapientiam
950 1773 966 1812 3
986 1755 1100 1813 maiori·

60 1861 115 1920 bns
137 1861 196 1919 suis
218 1862 398 1934 accepissent,
420 1868 521 1919 aetates
543 1869 634 1918 autem
656 1868 684 1918 et
704 1869 829 1933 tempora
850 1863 1012 1934 ignorarent
1033 1880 1100 1935 pro·

60 1976 124 2042 pter
145 1974 318 2040 uetustatem,
342 1984 415 2038 cum,
438 1967 486 2040 qui
508 1968 642 2041 sapientia
664 1970 820 2041 excelleret,
832 1969 1004 2043 Pythagorae
1020 1970 1100 2028 audi·

59 2083 152 2133 torem
173 2075 351 2131 crediderunt
372 2074 468 2131 luisse.

145 2183 183 2238 ll.
215 2183 252 2238 Et
272 2182 307 2237 de
328 2181 485 2238 coniectura
513 2182 626 2254 quidem
654 2184 795 2239 haetenus.
852 2182 975 2254 Uestigia
1008 2192 1098 2241 autem

58 2289 298 2363 Pythagoreorum
320 2306 478 2362 quanquam
501 2292 585 2346 multa
610 2290 704 2361 colligi
726 2296 856 2361 possunt,
891 2289 985 2361 paucis
1007 2297 1099 2347 tamen

58 2404 180 2469 utemur,
202 2398 333 2469 quoniam
355 2413 411 2452 uon
433 2397 460 2452 id
483 2398 573 2467 agitur
595 2397 647 2453 boc
669 2404 802 2469 tempore.
837 2398 910 2454 Nam
931 2414 1019 2470 quum
1039 2415 1098 2455 car·

57 2501 182 2559 minibus
202 2505 278 2561 soliti
299 2505 341 2561 illi
364 2521 427 2561 3333
449 2504 575 2559 dicantur
597 2511 624 2560 et
646 2511 791 2576 praecepta
802 2504 939 2576 quaedam
961 2506 1096 2562 occultius

57 2610 168 2666 tradere
188 2617 218 2666 et
239 2617 344 2668 mentes
367 2627 432 2668 suas
454 2628 470 2666 a
491 2610 690 2681 cogitationum
701 2609 851 2666 intentione
873 2617 954 2666 cantu
976 2611 1094 2666 fidibus·

56 2732 114 2790 qne
136 2718 171 2773 ad
192 2718 416 2790 tranquillitatem
437 2717 598 2788 traducere,
627 2714 808 2787 grauissimus
829 2721 925 2772 auctor
947 2718 975 2772 iu
998 2717 1095 2789 Origi-

56 2823 141 2880 nibus
163 2823 233 2880 dixit
253 2824 321 2881 Cato
344 2841 450 2881 morem
472 2823 545 2895 apud
575 2823 694 2879 maiores
723 2822 796 2880 bunc
824 2825 969 2896 epularum
996 2824 1094 2896 luisse,

55 2936 88 2987 ut
109 2930 251 3004 deinceps,
274 2931 323 3005 qui
345 2932 518 3000 accubarent,
542 2936 672 2987 canerent
693 2931 727 2985 ad
749 2930 845 2986 tibiam
860 2931 999 2987 clarorum
1017 2933 1094 2989 uiro·

15 3076 17 3080 ν
56 3054 121 3095 run
144 3038 240 3094 landes
262 3047 343 3111 atque
365 3039 489 3095 uirtutes.
543 3039 586 3095 Ex
608 3055 663 3110 qno
677 3038 864 3110 ,perspicuum
886 3044 928 3094 est
950 3045 977 3095 31
998 3046 1093 3097 cantus

54 3149 115 3200 tum
136 3144 223 3201 luisse
245 3145 394 3217 rescriptos
416 3162 517 3201 uocum
540 3145 616 3202 soriis
638 3151 665 3201 et
687 3146 816 3201 carmina.
866 3143 896 3203 4.
928 3146 1094 3218 Quanquam

54 3248 86 3307 id
107 3249 223 3324 quidem
245 3249 327 3308 etiam
344 3265 394 3308 xtr
417 3251 527 3308 tabulae
550 3252 698 3324 declarant,
721 3252 804 3309 condi
825 3251 880 3308 iam
902 3258 960 3309 tum
982 3255 1094 3310 solitum

54 3372 119 3414 esse
142 3374 271 3429 carmen,
304 3359 380 3431 quod
402 3375 437 3413 ne
459 3358 555 3415 liceret
575 3359 634 3414 fieri
657 3361 691 3415 ad
712 3360 825 3416 alterius
852 3359 996 3429 iniuriam,
1031 3360 1092 3428 lege

53 3471 214 3522 sanxerunt.
268 3465 328 3521 Nec
357 3481 423 3521 uero
453 3464 523 3522 illud
552 3483 608 3521 nou
636 3465 806 3521 cruditorum
828 3470 983 3537 temporum
1008 3480 1092 3534 argu·

120 3698 146 3748 2
174 3701 243 3750 euim
269 3701 328 3765 cst)
354 3708 393 3752 cst
413 3702 482 3752 enlm
500 3703 529 3752 P.
572 3701 693 3766 Graecia)
718 3701 875 3752 1133313311.
919 3701 1017 3765 lisque)
1035 3703 1092 3750 1113-

50 3797 102 3846 quc
125 3783 205 3835 llPO.
246 3785 416 3850 Pythagorae,
443 3787 535 3837 delude
560 3785 661 3849 pastea)
688 3801 738 3839 om.
766 3788 795 3836 P.
838 3787 863 3835 3.
884 3786 1089 3850 admirationem)

50 3869 193 3923 33333131).
220 3870 420 3933 Pythagoreum)
440 3872 652 3933 Pythagoreorum
671 3872 699 3920 P.
736 3870 863 3932 instituta)
881 3871 1016 3920 constituta
1034 3872 1087 3921 RP.

50 3952 167 4021 3313133)
185 3961 254 4006 33133
272 3956 317 4020 lh,
339 3958 385 4006 aed
402 3970 467 4007 corr.
485 3958 514 4005 tn
532 3963 633 4007 aetates.
657 3956 818 4006 crediderunt
835 3955 931 4015 luisse)
957 3956 1037 4006 tuisse
1060 3944 1089 4006 P.

50 4039 133 4090 131333
150 4041 314 4092 crediderunt
339 4041 370 4092 0.
417 4043 529 4106 morem)
556 4054 696 4092 memorem
724 4040 753 4089 P.
798 4039 823 4090 4.
851 4039 967 4106 carmen)
989 4054 1090 4092 carmon

49 4136 154 4175 wmcu
171 4125 203 4176 P.
238 4129 383 4190 sanxerunt)
401 4133 518 4177 xcurcrat
535 4127 566 4176 P.
670 4190 673 4194 λ

876 4227 906 4276 8¹
