2610 4634
188 270 229 333 aa
398 281 629 328 ruseuean.
665 280 1011 327 ursrurarronuu

189 480 231 532 eat
248 473 277 530 in
291 473 337 530 tali
354 470 524 549 homiue,ex
541 487 596 544 quo
614 468 688 528 idcru
704 469 774 528 nihil
792 468 900 529 dicitur.
934 468 989 538 Qui
1002 471 1039 528 sit
1056 462 1132 542 frugi
1143 469 1226 543 igitur

189 582 250 653 uei,
274 580 298 638 si
322 579 421 652 marris,
444 579 600 635 moderatus
623 583 650 632 et
671 583 845 650 temperans,
875 594 939 633 eum
960 593 1076 634 necesse
1098 583 1141 633 est
1163 592 1225 637 esse

189 691 374 757 constantem
397 685 446 758 qui
467 690 559 741 autem
581 691 719 757 constans,
741 683 880 756 quietum3
903 684 952 755 qui
973 684 1095 758 quietus,
1118 691 1227 758 pertur-

189 793 301 850 batione
329 791 406 849 omni
436 807 571 862 uaeuum;
602 789 782 862 ergoedam
809 789 993 860 aegritudine.
1035 791 1073 849 Et
1094 797 1160 848 amat
1180 770 1228 848 ilia

190 898 336 972 sapientis3
359 897 447 954 aberit
467 896 551 968 igitur
572 910 587 952 a
609 897 733 968 sapiente
758 896 910 969 aegritudo.

276 1005 327 1060 lX.
356 1005 451 1076 Itaque
470 1020 535 1060 nou
563 1002 659 1059 inscite
681 1004 861 1060 Heracleotes
883 1003 1035 1075 Dionysius
1054 999 1093 1060 'ed
1115 1020 1152 1064 ca
1168 1001 1227 1066 dis,-

143 1183 148 1189 ι
189 1116 276 1185 putat,
290 1127 361 1183 quae
371 1109 445 1182 apud
455 1110 610 1166 Humerum
617 1108 741 1165 Achilles
752 1110 877 1183 queritur
888 1110 951 1180 hoe,
963 1116 993 1166 ut
1004 1111 1117 1184 opinor,
1128 1111 1227 1168 modo:

113 1209 122 1218 ’
319 1217 427 1288 Corque
447 1233 535 1272 recum
551 1220 663 1288 penites
687 1190 827 1287 turgescit
841 1219 966 1273 tristibus
988 1220 1052 1291 iria,

269 1389 273 1398 ἱ
319 1322 411 1392 Quam
433 1325 527 1380 decem
549 1329 632 1394 etque
654 1325 792 1378 amoime
813 1325 941 1381 orbatam
962 1323 1044 1379 leode
1065 1326 1206 1381 recordor.

190 1427 241 1489 19.
273 1431 347 1487 Num
369 1447 465 1487 manus
488 1430 584 1486 affecta
606 1434 680 1485 recte
708 1434 764 1501 est,
792 1444 878 1501 quum
905 1429 935 1487 in
962 1435 1071 1487 tumore
1097 1437 1154 1502 est,
1183 1437 1228 1488 aut
1256 1460 1261 1468 ·

190 1555 257 1593 num
278 1537 354 1593 aliud
377 1538 527 1609 quodpiam
555 1536 711 1592 membrum
732 1537 869 1592 tumidum
890 1553 922 1593 ac
943 1536 1083 1608 turgidum
1106 1554 1163 1593 nou
1184 1537 1227 1593 ui-

190 1643 260 1703 tiosc
288 1660 318 1700 ae
345 1641 449 1699 habet?
484 1642 531 1700 Sic
559 1641 644 1713 igitur
665 1642 773 1701 indatus
796 1648 824 1698 et
845 1648 954 1700 tumens
976 1641 1085 1700 animus
1108 1643 1138 1700 iu
1159 1643 1227 1700 uitio

140 1818 145 1833 Ι
189 1756 241 1808 cst.
285 1749 422 1822 Sapientis
444 1754 535 1806 autem
557 1747 664 1809 animus
683 1750 793 1821 semper
814 1749 983 1820 uacatuitio‚
1005 1767 1148 1822 nurrquam
1169 1756 1227 1806 tur-

190 1856 293 1928 gescit,
316 1871 457 1927 nunquam
480 1861 573 1911 tumet.
616 1855 653 1911 at
673 1855 758 1913 iratus
780 1855 888 1913 animus
910 1856 1048 1913 eiusmodi
1070 1863 1127 1930 est3
1155 1874 1227 1912 nun-

193 1977 278 2035 quam
299 1961 384 2032 igitur
405 1960 515 2032 sapiens
537 1934 673 2018 irascitur.
716 1962 787 2018 Nam
809 1961 832 2018 si
856 1962 999 2035 irascitur,
1021 1962 1104 2019 etiam
1126 1957 1249 2020 conca-⁶

185 2053 279 2140 piscia
323 2065 471 2137 Proprium
493 2075 535 2124 est
556 2068 630 2124 enim
658 2067 720 2124 irati
753 2084 872 2142 cupere,
902 2085 995 2141 aquo
1017 2071 1110 2127 laesus
1132 2069 1228 2130 uidea-

191 2181 245 2246 tur,
275 2173 302 2231 ei
331 2190 414 2247 quam
435 2173 584 2231 maximum
606 2176 734 2230 dolorem
754 2173 875 2232 inurere.
919 2175 973 2245 Qui
995 2177 1137 2234 autemid
1160 2195 1227 2235 con·
1272 2163 1282 2186 '

190 2278 324 2354 cupierit,
348 2297 411 2336 eum
434 2299 546 2338 necesse
569 2283 625 2354 est,
655 2281 679 2337 si
701 2280 730 2336 id
753 2288 917 2338 consecutus
939 2282 988 2355 sit,
1016 2301 1119 2354 magno
1143 2301 1227 2355 opere

18 2386 23 2394 '
106 2417 114 2424 -
192 2386 296 2443 laetari.
340 2387 462 2460 Exque
485 2388 531 2458 fit,
560 2394 590 2444 ut
612 2387 702 2444 alieno
725 2389 799 2444 malo
822 2389 947 2460 gaudeat.
990 2389 1074 2458 Quod
1095 2390 1228 2462 quoniam

192 2510 249 2552 nou
271 2492 344 2548 cadit
364 2492 393 2548 iu
414 2495 575 2566 sapientem,
599 2511 633 2552 ne
656 2499 686 2551 ut
701 2493 835 2550 irascatur
855 2495 968 2568 quidem
979 2496 1060 2553 cadit.
1104 2498 1155 2554 Sin
1178 2514 1228 2554 au·

191 2607 247 2661 tem
275 2602 386 2657 caderet
408 2600 436 2659 in
457 2602 620 2679 sapientem,
636 2601 796 2674 aegritudo,
826 2601 937 2658 caderet
962 2578 1045 2659 etiam
1075 2603 1227 2661 iracundia.

191 2707 253 2776 Qua
274 2707 406 2781 quoniam
427 2714 516 2780 uacat,
538 2707 813 2780 aegritudineetiam
835 2710 953 2766 uacabit.
997 2707 1048 2767 ad.
1070 2710 1183 2767 Etenim
1205 2709 1229 2767 si

192 2813 302 2885 sapiens
324 2813 353 2870 in
375 2814 574 2884 aegritudinem
595 2816 717 2898 incidere
745 2824 850 2890 posset,
873 2822 968 2888 posset
989 2815 1071 2873 etiam
1093 2816 1122 2873 in
1144 2818 1229 2873 mise·

191 2920 355 2992 ricordiam,
384 2927 479 2991 posset
508 2921 536 2976 in
558 2923 746 2979 inuidentium.
798 2925 861 2979 Non
893 2922 950 2979 dixi
972 2922 1121 2996 inuidiam,
1156 2941 1229 2996 quae

191 3030 328 3097 tumeat,
351 3041 436 3096 quum
459 3025 615 3099 inuidetur3
638 3030 672 3085 ab
695 3029 846 3087 inuidendo
869 3035 959 3085 autem
981 3028 1134 3086 incidentia
1156 3037 1230 3087 recte

192 3129 246 3186 dici
260 3136 359 3203 potest,
373 3135 401 3186 ut
413 3129 575 3202 effugiamus
591 3136 752 3206 ambiguum
763 3152 864 3192 nomen
875 3135 1010 3207 inuidiae3
1023 3136 1099 3208 quod
1112 3136 1231 3193 uerbum

192 3238 304 3294 ductum
315 3244 356 3293 est
366 3253 382 3292 a
393 3236 474 3292 nimis
485 3238 617 3297 intuendo
629 3240 767 3299 fortunam
784 3242 906 3315 alterius,
919 3248 949 3298 ut
960 3248 1002 3298 est
1011 3241 1038 3298 iu
1051 3231 1230 3314 Melanippo:

304 3342 456 3432 ‘Quisnam
477 3346 572 3414 liorem
597 3348 711 3404 literam
732 3352 835 3406 inuidit
855 3349 965 3406 mcum?
1075 3392 1078 3395 -

193 3452 267 3510 Male
296 3450 391 3508 Latine
413 3452 540 3526 uidetur3
570 3455 619 3510 sed
641 3457 782 3526 praeclare
803 3456 913 3513 Accius·
960 3455 994 3512 Ut
1016 3453 1090 3510 enim
1112 3453 1228 3528 uidere,

193 3556 233 3614 sic
254 3557 380 3615 inuidere
402 3559 500 3615 florem
522 3537 621 3618 rectius
641 3579 725 3636 quam
745 3562 818 3624 flori.
860 3563 918 3620 Nos
941 3560 1141 3619 consuetudine
1162 3577 1231 3633 pro·

195 3705 500 3719 ψ

212 3774 218 3785 ’
261 3773 359 3836 aberit)
382 3774 471 3824 abierit
494 3774 523 3822 P.
568 3773 702 3840 sapiente)
725 3777 834 3837 sapienti
851 3776 881 3826 P.
923 3775 964 3827 19.
987 3773 1057 3824 eiirrd
1078 3769 1231 3837 quodpiam)

40 3874 46 3887 .
149 3862 152 3866 ’
193 3853 294 3916 aliquod
312 3858 444 3919 quippiam
462 3858 515 3906 ΒΡ.
551 3857 596 3907 Sin
614 3860 714 3924 autem)
732 3860 754 3909 si
772 3866 856 3910 autern
871 3860 903 3908 R.
943 3857 983 3907 20.
1002 3859 1115 3908 incidere
1133 3857 1233 3922 posset)

194 3939 306 3989 incidere
325 3941 356 3989 a.
397 3943 486 3990 cadere
504 3950 591 4002 posset
613 3944 644 3993 P.
680 3942 825 4009 inuidiam)
843 3945 869 3992 in
888 3943 1012 3992 inuidiam
1030 3940 1234 4005 Non-p.4‹18.-

194 4021 360 4085 ed'ugiamus)
377 4023 428 4086 tog.
446 4025 512 4078 Neo.
532 4028 547 4075 t
567 4029 583 4076 t.
618 4028 780 4093 Melanippo)
797 4026 944 4088 Melanippa
954 4025 985 4076 Ο.
1020 4026 1235 4092 Accius)Acties

194 4107 247 4160 ΒΡ.
285 4106 371 4156 Attius
390 4106 422 4162 Ο.
458 4090 561 4173 dorem)
578 4112 639 4161 tiore
656 4111 708 4161 nr.
