2610 4634
627 212 679 259 vll
707 254 714 264 ,,

128 420 221 480 quum
243 405 312 461 ante
334 363 521 461 collationem
542 396 708 460 Gudiaussu
729 417 747 463 s
766 397 810 462 Μ.
834 394 931 460 Gudio
951 399 1096 478 ascriptos
1117 401 1165 461 ui·

130 522 238 597 disset,
266 520 295 578 iu
318 537 372 578 sua
399 518 529 578 editione
551 519 710 596 repetiuit,
736 519 921 595 eandemque
949 511 1165 598 στιχομετρῑαν
1199 572 1213 591 ,

128 638 372 698 commemorauit
400 633 500 696 etiarn*
518 627 699 715 Krarubius,
731 636 904 714 addiditque
931 637 1081 715 codicem,
1113 635 1165 713 qui

128 739 251 815 numero
281 759 327 815 est
353 725 577 837 6332,·iorma
600 758 744 832 quartana
765 755 908 831 scriptum
930 771 998 814 esse
1019 753 1165 831 binasque

129 875 157 932 iu
180 875 286 951 pagiua
309 873 460 933 columnas
481 872 601 933 habere.
651 871 784 934 Coliatcr
811 871 965 932 Gudianus
988 868 1073 931 initia
1094 887 1166 930 ucr-

128 1010 214 1051 suusn
237 992 458 1051 accuratissime
481 1009 533 1069 per
554 993 687 1069 quinque
708 991 799 1051 libros
822 976 951 1068 notauitq
963 990 1046 1067 iique
1063 988 1168 1066 quales
1186 1008 1188 1012 ¹

79 1175 83 1185 ⁴
130 1113 161 1166 et
182 1110 283 1184 quanti
306 1111 447 1187 sint‚quo
471 1109 587 1170 iaciiius
608 1109 802 1188 intelligatur,
824 1108 990 1187 exemplum
1012 1107 1117 1167 addam
1128 1121 1166 1165 ex

131 1225 198 1284 iibri
211 1227 307 1314 quinti
318 1229 363 1300 §5
373 1221 512 1304 59-60,
523 1226 601 1287 unde
618 1228 706 1286 ctiam
724 1227 876 1305 nonnulla,
898 1243 976 1304 quae
997 1229 1034 1285 ad
1055 1240 1164 1285 uocum

93 1319 96 1324 ¹
130 1327 351 1402 scribendarum
374 1344 518 1404 rationem
540 1345 699 1424 pertinent,
723 1345 859 1421 cognosci
882 1342 1066 1422 passuum:
1098 1406 1101 1410 ,

217 1457 344 1538 Cumque
365 1461 437 1518 duas
458 1478 566 1519 uacorcs
590 1461 708 1520 baberet
726 1459 952 1553 Aristomucbcm
973 1462 1061 1519 ciuem
1082 1474 1176 1538 suam

49 1622 52 1628 .
127 1575 265 1636 Doridem
292 1588 386 1636 aucun
416 1577 584 1666 Locrensem
611 1581 652 1638 sic
676 1589 773 1639 noctu·
791 1580 831 1638 ad
862 1597 910 1638 cas
942 1577 1101 1638 cantitabat
1133 1581 1168 1637 ut

127 1697 224 1754 amnia
244 1696 439 1773 specularetur
460 1703 488 1754 ct
502 1704 739 1775 perscrutaretur
759 1705 834 1756 ante.

210 1811 260 1872 Et
273 1831 338 1871 cum
356 1815 436 1892 sassa
448 1814 705 1905 lata-cubicularis
722 1815 790 1874 lecto
811 1814 1038 1874 circumdedisset
1051 1813 1165 1893 musque

125 1933 211 2011 losse
233 1932 384 1990 transdum
400 1933 549 2011 panucula
571 1933 663 2010 liqneo
685 1934 882 1993 cameracuset
900 1951 964 1992 eum
984 1934 1079 2013 ipsum
1099 1949 1168 1992 eum·

125 2052 217 2129 farem
238 2049 361 2108 cubiculi
380 2049 526 2109 clauserat
544 2051 736 2128 detorquebat.

209 2166 343 2245 Idemque
371 2187 435 2226 cum
463 2167 495 2226 in
527 2170 721 2228 communibus
751 2172 889 2248 suqqestis
919 2168 1073 2237 cosssbtere
1103 2139 1163 2225 non

26 2346 29 2349 .
126 2287 244 2345 auderet
261 2284 482 2345 condonarias
503 2288 582 2346 turri
601 2288 662 2347 alta
682 2289 800 2347 solebat.

209 2391 302 2482 Atque
323 2405 349 2462 is
370 2422 433 2463 cum
451 2404 516 2483 pilu
537 2405 632 2464 ludere
652 2407 734 2465 uellet
748 2407 873 2466 studiose
888 2401 1165 2483 eusicidfactitabet

126 2523 304 2600 tunicamque
322 2530 444 2600 poneret
463 2521 668 2580 adulescentulo
691 2541 773 2601 quem
793 2523 912 2582 amabat
930 2521 1078 2580 tradidisse
1098 2518 1163 2596 yla·

126 2639 203 2698 dium
224 2641 339 2702 dicitur.

75 2732 78 2733 ⁷
210 2756 268 2816 Hic
299 2777 363 2817 curn
395 2758 511 2836 quidam
540 2758 695 2838 familiaris
722 2757 821 2818 iocans
846 2755 965 2817 dicisset
993 2753 1058 2814 buic
1090 2758 1164 2813 cerls

29 2926 34 2938 s
124 2876 214 2934 uitam
237 2884 316 2935 tuam
339 2877 490 2935 camorittis
511 2877 709 2966 adrisissetque
730 2876 892 2936 adulescens
908 2883 1059 2954 numaque
1079 2873 1163 2933 iussit

124 2974 254 3072 entend.
821 2971 826 2984 '
1149 3079 1153 3084 ·

209 3110 338 3172 Alterum
360 3113 429 3190 quia
455 3112 534 3171 edam
555 3110 801 3173 demonstrauisset
821 3111 999 3172 interimendi
1022 3109 1070 3169 sui
1089 3108 1160 3169 alte·

124 3248 189 3290 rum
210 3232 279 3308 quic
300 3231 405 3289 dictum
427 3229 458 3288 id
477 3231 540 3289 recu
560 3229 787 3309 adprcbuuisset.

209 3350 299 3428 Atque
320 3367 352 3406 eo
373 3351 451 3428 sacto
473 3349 514 3407 sie
531 3348 623 3408 doluit
642 3349 715 3409 ndsil
735 3357 770 3410 ut
789 3349 887 3408 tuterit
905 3348 1024 3426 qruuius
1046 3344 1158 3406 inuita.

160 3469 168 3488 ⁸
212 3463 302 3539 Quem
323 3466 397 3526 euim
417 3467 590 3527 uebementcr
610 3475 727 3527 animat
746 3467 897 3527 occiderat.
965 3454 968 3464 ¹

122 3669 425 3679 m

192 3815 224 3881 *J
245 3819 333 3880 ltaque
350 3832 377 3869 rc
394 3833 455 3870 uera
475 3805 616 3870 secundum
634 3820 822 3870 enuntiationes
835 3824 860 3869 et
874 3819 1014 3870 sententias
1023 3816 1158 3895 distinctus
1189 3814 1198 3827 ⁸

122 3908 162 3952 est
179 3903 219 3952 hic
237 3905 325 3968 codex,
351 3905 377 3954 id
394 3905 461 3966 quod
480 3905 606 3956 dubitauit
623 3905 666 3954 uel
688 3905 773 3967 notius
791 3905 905 3967 ignorare
923 3917 951 3954 sc
971 3905 1103 3953 contessus
1120 3906 1160 3951 est

123 3988 242 4037 litusens
266 3989 320 4052 (dic
337 3990 464 4038 siexandr.
483 3990 599 4041 bibiioth.
620 3994 694 4039 untes
711 3990 737 4038 d.
755 3995 837 4039 ersten
858 3990 965 4039 Ptolem.
984 3987 1063 4036 Brest.
1085 3984 1160 4047 isan,

125 4085 154 4140 ῃι
170 4070 239 4136 lid).
