2610 4634
390 247 467 293 ura.
489 235 513 294 Ι.
557 247 641 293 cnr.
665 231 801 295 18-49.
865 208 877 230 ’
1077 199 1116 293 il

155 436 271 495 avril.
292 434 492 495 Dicaearchum
505 452 576 496 uero
596 451 660 493 cum
680 436 848 493 Anatoxcno
869 435 978 508 aequali
1000 441 1026 492 et
1047 451 1114 495 cou-

79 543 220 618 discipule
240 559 310 617 suo,
332 543 430 600 doctos
452 559 518 603 sanc
539 543 683 615 homines,
707 523 881 616 omittamus,
904 558 1024 615 quorum
1044 537 1114 599 alter

77 669 114 713 no
135 649 451 723 emaduisse'quidcu
471 667 594 723 umquam
614 635 734 722 uidetur,
746 651 796 722 qm
816 649 938 710 animum
959 665 990 705 sc
1011 648 1114 706 habere

76 774 134 817 non
156 757 273 831 sentiat,
294 758 364 815 alter
384 756 422 817 ita
443 757 595 818 delectatur
616 738 834 831 suisscantibus,
854 762 885 815 ut
905 773 955 814 eos
976 755 1057 813 ctiam
1078 756 1114 815 ad
1186 830 1197 838 ,

76 866 145 924 hacc
172 865 324 929 nansimre
349 870 473 923 conetur.
515 863 698 925 Harmoniam
723 869 814 921 autem
836 880 870 921 er
891 862 1044 920 interuallis
1066 879 1114 918 so-

76 989 179 1036 norum
200 966 284 1029 nosse
311 971 477 1043 possamus,
511 987 631 1043 quorum
655 969 732 1031 uaria
759 970 924 1042 compositio
946 968 1028 1027 etiarn
1049 969 1114 1026 har·

76 1079 189 1158 munias
202 1077 294 1165 ¹allicit
314 1079 426 1151 plures;
447 1078 638 1139 membrorum
660 1095 728 1137 uero
750 1076 818 1134 situs
841 1083 867 1135 et
882 1078 971 1148 figura
987 1062 1116 1148 corporis

76 1202 180 1247 uacans
202 1186 294 1248 animo
315 1200 400 1258 quam
420 1185 509 1256 possit
530 1184 700 1241 harmoniam
718 1183 839 1259 elmere,
857 1201 914 1240 non
929 1183 1024 1241 uideo.
1058 1183 1114 1239 Sed

76 1293 123 1351 laic
144 1291 260 1366 quidem
279 1282 407 1376 quamuis
429 1275 554 1355 eruditus
576 1290 622 1365 sit,
643 1290 713 1352 sieut
734 1297 785 1365 est,
808 1291 876 1348 lsacc
896 1290 1028 1361 magistro
1045 1307 1113 1346 con·

77 1392 158 1457 cadat
177 1397 331 1471 Aristoteli,
353 1414 451 1461 canem
472 1397 533 1471 ipsc
555 1399 663 1457 doceat..
694 1398 772 1456 Bene
793 1397 868 1457 enim
880 1397 931 1456 illo
944 1397 1113 1455 Graecorum

78 1505 230 1577 prouerbio
252 1504 434 1578 praecipitum

165 1609 259 1679 Quam
280 1615 397 1685 quiaque
416 1614 494 1675 norit
515 1618 613 1685 ortem
632 1614 664 1672 la
684 1614 737 1675 ane
759 1629 787 1667 sc
810 1616 939 1672 edomet.

75 1716 129 1779 42
172 1719 254 1775 Illam
290 1702 359 1779 uero
397 1718 521 1782 funditus
554 1718 685 1780 eiciamus
723 1717 932 1778 indiuiduorum
963 1733 1112 1788 corporum

77 1824 183 1889 Ιοηίιιω
210 1832 238 1882 et
268 1827 448 1888 rotundorum
475 1825 688 1889 concursionem
718 1824 873 1898 fortuitam,
907 1840 990 1897 quam
1022 1829 1114 1886 tamen

70 1933 253 1997 Democritus
274 1932 486 1993 concalefactam
508 1938 536 1989 ct
555 1932 732 2006 spirabilem,
755 1931 782 1989 id
808 1938 850 1990 est
870 1932 1027 2004 animalem,
1051 1947 1113 1987 esse

77 2040 147 2102 uult.
191 2040 220 2096 Is
242 2015 478 2113 autem'aeimus,
502 2039 567 2114 uui,
588 2040 613 2096 ri
634 2046 677 2096 est
697 2039 797 2099 horum
818 2045 946 2112 quattuor
967 2054 1112 2111 generum,

77 2163 112 2209 ex
133 2146 236 2219 quibus
259 2146 352 2210 emula
373 2152 499 2207 constare
521 2146 665 2219 dicunntur,
685 2141 726 2203 'ex
747 2146 912 2207 inflammata
933 2145 1022 2202 anima
1044 2161 1113 2222 cpn-

77 2259 145 2327 stat,
177 2259 208 2309 ut
234 2252 409 2324 potissimum
430 2253 520 2312 uideri
542 2254 624 2310 uideo
647 2242 794 2327 Panaetio,
823 2255 967 2326 superiora
988 2257 1114 2323 capessat

76 2375 192 2423 necesse
221 2368 272 2423 est
320 2359 398 2422 Nihil
425 2361 501 2422 euim
528 2361 631 2417 habent
659 2361 726 2419 haec
753 2361 809 2419 duo
838 2366 945 2432 genera
971 2359 1052 2431 proni
1085 2366 1113 2416 et
1144 2358 1147 2366 ’

74 2482 175 2540 supera
190 2481 325 2538 semper·
341 2471 448 2539 petunt.
502 2469 545 2527 lta
573 2467 633 2525 siue
660 2468 843 2541 dissipantur,
873 2469 971 2539 procul
993 2484 1009 2523 a
1030 2466 1111 2524 terris

74 2571 104 2631 id
126 2572 237 2646 euenit3
266 2575 327 2631 sinc
354 2581 517 2646 permanent
543 2581 570 2632 et
599 2580 765 2631 conseruent
785 2573 909 2634 habitum
931 2589 1029 2644 suum,
1057 2572 1111 2627 hoc

75 2677 156 2754 ctiam
184 2679 274 2751 magis
300 2675 483 2758 necessesest
510 2682 633 2739 serantur
658 2683 706 2738 ad·
721 2682 844 2752 coelum,
879 2685 906 2736 et
933 2679 968 2736 ab
990 2677 1024 2734 iis
1046 2694 1111 2750 per-

75 2792 218 2859 rumpatur
246 2791 274 2848 et.
299 2786 438 2847 diuidatur
464 2806 573 2850 crassus
600 2788 647 2846 hic
679 2774 876 2846 el‘coneretus
901 2790 964 2859 aer,
994 2784 1043 2858 qui
1071 2789 1113 2843 est

31 2870 37 2877 ⁸
75 2902 164 2952 terrm
185 2892 337 2966 proximus.
381 2894 506 2956 Calidior
534 2903 576 2953 est
602 2895 677 2953 euim
703 2896 749 2955 uel
777 2895 868 2968 potius
890 2892 1031 2952 ardentior
1051 2890 1112 2949 ani-

73 3017 155 3076 mus,
182 3017 266 3073 quam
288 3007 330 3058 est
350 2998 397 3059 hic
418 3006 481 3076 atr,
504 3019 587 3076 quem
608 3003 691 3059 modo
714 3003 772 3063 diri
793 3007 1020 3074 crassumatquc
1042 3016 1110 3056 con·
1148 3034 1154 3050 ι

73 3112 195 3178 oretum
221 3107 298 3180 quod
320 3097 354 3165 er
376 3125 410 3165 co
435 3109 500 3168 sciri
521 3114 628 3182 potest,
651 3109 716 3182 quia
737 3126 854 3182 corpora
875 3115 978 3183 nostra,
1000 3114 1110 3165 terreno

74 3202 401 3287 principiorum'genere
424 3217 559 3290 conlecta,
580 3215 680 3274 ardore
701 3215 785 3277 animi
807 3218 1007 3279 concalescunt.

159 3321 238 3377 XIX.
266 3300 317 3380 43.
345 3322 474 3396 Accedit,
504 3328 534 3380 ut
560 3340 594 3379 eo
623 3322 730 3380 facilius
752 3325 860 3385 animus
882 3325 979 3380 euadat
1001 3340 1034 3377 cx
1056 3320 1110 3375 hoc

72 3429 152 3500 aere,
175 3444 259 3500 quem
281 3443 364 3505 saepe
386 3429 446 3486 iam'
462 3431 590 3504 appello,
612 3447 731 3504 eumque
752 3416 928 3513 perrumpat,
946 3428 1022 3501 quod
1040 3423 1110 3480 nihil

72 3519 116 3590 est
136 3534 228 3590 animo
250 3535 392 3612 uelocius;
419 3538 496 3594 nulla
518 3543 560 3595 est
580 3537 716 3611 celeritas,
739 3554 809 3610 quac
831 3535 920 3608 possit
941 3551 1003 3592 cum
1025 3531 1110 3590 animi

72 3638 213 3697 celeritate
235 3644 409 3701 contendere.
454 3644 509 3714 Qui
536 3645 559 3701 si
589 3650 729 3719 permanet
749 3644 925 3715 incorruptus
947 3639 1046 3713 suique
1069 3639 1107 3696 si·

71 3745 157 3822 milis,
180 3763 294 3804 necesse
317 3755 359 3806 cst
379 3749 415 3806 ita
437 3751 549 3825 seratur,
573 3758 603 3809 ut
624 3757 748 3824 penetret
770 3756 797 3808 el
818 3749 923 3805 diuidat
944 3764 1026 3804 omne
1043 3764 1108 3804 coe-

72 3855 133 3910 lmn
153 3853 225 3943 hoc,
253 3854 281 3912 in
308 3873 363 3929 quo
391 3858 498 3932 nubes,
526 3857 629 3916 imbres
651 3857 788 3943 uentique
804 3862 955 3929 coguntur,
984 3856 1059 3930 quod
1082 3860 1108 3912 at

139 4018 203 4068 alter
225 4016 278 4083 ne)
303 4021 366 4072 aller
387 4031 427 4072 nas
444 4021 476 4074 n.
517 4019 702 4088 Harmoniam)
723 4021 871 4072 harmonian
890 4025 921 4074 n.
965 4021 1007 4073 42.
1025 4021 1108 4072 uideri

68 4102 159 4168 uideo)
178 4104 254 4162 uideo
271 4105 302 4158 ll.
338 4106 369 4155 ab
387 4106 431 4165 ils)
448 4108 479 4157 ab
498 4107 537 4156 tiis
556 4106 610 4157 ΒΟ.
647 4105 688 4156 43.
708 4106 823 4169 Accedit)
841 4107 933 4158 accidit
949 4108 973 4157 ll
