2610 4634
189 273 232 335 14
405 285 632 333 rnecnnsn.
654 286 1000 340 uxernrsrssronuu

189 474 237 550 qni
259 492 370 549 semper
389 474 419 533 in
440 472 582 533 laboribus
604 481 632 532 et
652 473 783 549 periculis
806 469 937 533 uiueret?
980 475 1031 536 34.
1053 479 1171 551 Loquor
1191 480 1227 538 de

188 583 369 657 principibus,
392 584 460 656 qnid
480 579 600 656 poetae?
623 599 715 639 nonne
730 589 795 655 post
810 589 929 641 mortem
946 586 1088 643 nobilitari
1107 583 1227 644 uolunt?

149 681 153 691 ’
188 689 268 748 Unde
290 707 357 761 ergo
379 686 472 745 illud?

315 794 448 868 Aspicite,
470 815 487 851 o
511 799 594 870 ciues,
617 799 688 853 senis
710 794 787 852 lineet
807 799 939 869 imopc'oc'e
960 799 1091 872 sormam.

349 902 405 958 Hic
427 909 547 958 oestrum
566 906 662 976 piabit
682 907 805 959 monimo
825 906 903 978 sacto
920 911 1045 977 potrum.

187 1009 345 1068 Mercedem
367 1009 471 1080 gloriae
493 1009 599 1081 flagitat
620 1010 717 1083 abiis,
734 1027 854 1083 quorum
871 1018 962 1084 patres
980 1011 1108 1069 affecerat
1124 1012 1225 1089 gloria,

187 1117 334 1189 idemque:

313 1223 399 1280 Nemo
420 1241 461 1280 mc
483 1224 645 1280 lacrimis...

314 1330 432 1387 ...tort
456 1330 548 1387 Uolito
570 1335 724 1404 bicorpor
746 1348 798 1387 oro
820 1333 922 1388 uirum.

188 1437 245 1494 Sed
266 1436 334 1509 quid
354 1434 474 1509 politas?
503 1436 618 1509 opitices
641 1443 836 1510 postmortem
852 1437 991 1494 nobilitari
1009 1438 1116 1494 nolunt.
1150 1438 1224 1508 Quid

187 1543 261 1601 enim
289 1543 401 1600 Phidias
424 1545 467 1602 sui
489 1545 607 1601 similem
629 1545 750 1617 speciem
772 1544 883 1601 inclusit
903 1545 933 1600 in
955 1545 1044 1617 clipeo
1067 1545 1223 1621 Mineruae,

186 1667 273 1724 quum
298 1651 451 1708 inscribere
478 1669 534 1708 non
556 1648 673 1708 liceret?
706 1648 803 1720 Quid?
836 1651 923 1708 nostri
948 1651 1109 1724 philosophi
1131 1670 1223 1710 noncre

185 1757 215 1814 in
237 1758 280 1813 his
302 1757 380 1814 libris
402 1758 486 1831 ipsis,
509 1775 580 1831 quos
602 1759 725 1816 scrihmrt
751 1759 786 1814 dc
814 1759 1014 1816 contemnenda
1041 1757 1144 1832 gloria,
1174 1777 1223 1816 sna

185 1864 298 1920 nomina
326 1864 480 1920 inscribunt
488 1860 504 1920 t
537 1861 588 1923 35.
616 1864 698 1933 Quod
728 1864 752 1921 si
779 1865 902 1922 omnium
931 1882 1082 1921 consensus
1110 1872 1222 1924 naturae

184 1987 241 2026 uox
263 1975 313 2042 cst,
336 1988 504 2044 omnesque,
527 1971 575 2044 qui
597 1971 701 2044 ubique
723 1978 801 2043 sunt,
824 1973 1001 2028 consentiunt
1021 1989 1083 2029 esse
1105 1973 1220 2047 aliquid,

185 2077 261 2150 quod
283 2077 318 2134 ad
340 2094 389 2133 eos
410 2079 561 2150 pertineat,
589 2078 638 2151 qui
659 2079 715 2135 uita
737 2079 886 2151 cesserint,
909 2078 991 2135 nohis
1013 2096 1126 2152 quoquc
1147 2081 1222 2136 idem

172 2183 397 2240 ‘existimandum
414 2191 471 2256 est;
489 2191 517 2241 et
534 2186 568 2257 si,
586 2202 706 2258 qnorum
722 2192 768 2241 aut
788 2186 900 2259 ingenio
923 2191 970 2242 ant
990 2185 1091 2241 uirtute
1112 2187 1220 2242 animus

185 2290 304 2362 excellit,
328 2307 376 2346 eos
399 2291 604 2363 arbitrabimur,
623 2292 688 2364 quia
704 2298 800 2349 natura
822 2293 925 2364 optima
947 2292 1011 2363 sint,
1034 2310 1148 2349 cernere
1169 2310 1220 2350 na·

184 2402 261 2453 turae
293 2397 351 2453 uim
384 2398 518 2472 maxime,
540 2398 601 2455 ueri
624 2399 714 2456 simile
742 2403 799 2473 est,
833 2417 919 2472 quum
952 2399 1073 2471 optimus
1100 2400 1220 2473 quisque

182 2504 302 2560 maxime
324 2505 477 2577 posteritati
499 2505 615 2580 seruiat,
645 2521 707 2562 esse
728 2506 849 2581 aliquid,
872 2505 950 2564 cuius
972 2506 996 2563 is
1018 2512 1220 2578 postmortem

184 2627 296 2669 sensum
319 2611 353 2668 sit
374 2613 527 2670 habiturus.

187 2754 191 2761 -
267 2719 344 2775 XVI.
374 2717 425 2778 36.
455 2721 511 2777 Sed
532 2726 564 2776 ut
584 2720 652 2776 deos
674 2735 737 2776 esse
758 2720 1036 2794 naturaopinamnr,
1066 2720 1218 2795 qualesque

182 2823 254 2897 sint,
283 2825 389 2881 ratione
417 2826 627 2897 cognoscimus,
663 2826 703 2882 sic
729 2843 891 2898 permanere
918 2827 1025 2883 animos
1053 2828 1219 2885 arbitramur

182 2947 319 2988 consensu
341 2933 483 2988 nationum
506 2933 648 3006 omnium3
680 2949 735 3005 qua
760 2933 789 2989 in
819 2935 884 2990 sede
912 2941 1040 2991 maneant
1066 2937 1218 3008 qualesque

182 3038 246 3111 sint,
269 3038 374 3096 ratione
396 3039 560 3096 discendum
581 3043 632 3097 cst.
665 3039 751 3097 Cuius
772 3039 909 3111 ignoratio
932 3041 1012 3097 finxit
1032 3041 1137 3098 interos
1155 3059 1217 3099 eas·

182 3161 237 3218 que
259 3144 433 3218 formidines,
455 3163 524 3219 quas
546 3151 575 3202 tu
597 3153 774 3204 contemnere
800 3163 857 3203 non
885 3147 945 3204 sine
971 3165 1053 3205 cansa
1075 3148 1217 3207 uidebare.

181 3253 214 3308 ln
235 3257 336 3308 terram
358 3253 431 3308 enim
459 3253 618 3309 cadentibus
647 3254 826 3328 corporibus,
849 3253 939 3327 iisqne
967 3255 1050 3311 hiemo
1077 3254 1171 3327 tectis,
1200 3270 1217 3311 e

181 3375 237 3432 qno
256 3359 359 3416 dictum
376 3364 418 3416 est
432 3362 552 3432 humari,
575 3359 627 3415 sub
649 3365 720 3416 terra
741 3361 890 3417 censebant
911 3361 1045 3433 reliquam
1066 3361 1150 3418 uitam
1172 3361 1218 3434 agi

180 3473 363 3524 mortuorum.
407 3467 497 3536 Quam
524 3482 621 3522 corum
649 3467 810 3538 opinionem
830 3469 924 3540 magni
946 3485 1054 3525 errores
1076 3468 1217 3526 consecuti

181 3581 261 3650 sunt,
293 3591 365 3648 quos
394 3579 529 3632 auxerunt
556 3576 664 3646 poitae.
714 3571 765 3633 37.
793 3576 937 3649 Frequens
966 3575 1041 3633 enim
1068 3591 1216 3633 consessus

247 3865 421 3921 canestrum
444 3873 540 3937 pinxit)
563 3880 675 3927 vostrum
698 3875 783 3937 panxit
802 3874 834 3925 0.
866 3873 997 3939 lacrimis)
1020 3877 1082 3930 odd.
1106 3876 1216 3941 decoret,

180 3963 227 4002 nec
245 3951 332 4001 lunera
349 3953 411 4004 fletu
428 3957 499 4006 Ferit
516 3957 547 4008 0.
574 3955 688 4023 poetas)
712 3963 786 4020 putas
803 3959 838 4012 li.
871 3959 944 4010 libris
963 3959 1041 4026 ipsis)
1061 3961 1126 4023 ipsis
1142 3961 1215 4010 libris

182 4034 214 4089 0,
247 4036 290 4086 8⁵.
316 4038 456 4096 cesserint)
478 4048 608 4088 casem-⁰
629 4041 662 4088 ο.
696 4038 894 4109 acuminum)
919 4044 1070 4097 abluamur
1096 4042 1128 4097 0.
1163 4050 1216 4108 opt.

179 4118 431 4187 mmm?
841 4124 1030 4193 Q..
