2610 4634
464 294 541 340 nra.
563 280 599 338 V.
643 293 727 340 esu.
748 279 885 341 21-22.
925 336 926 341 ,
1112 276 1172 339 171

134 482 200 540 buic
221 481 370 539 obsecutus
392 482 447 555 sis,
473 481 516 539 illi
537 488 580 540 est
600 483 822 555 repugnandum.
865 480 916 542 61.
942 473 1174 556 Quanquamlric

134 588 251 662 quidem
271 593 404 661 manuus
426 589 487 661 ipse
507 588 649 661 iudicauit,
672 605 756 664 mam
777 594 851 646 esset
871 588 979 647 beatus.

220 695 302 753 xx1.
334 695 407 751 Nam
427 711 514 769 quum
535 695 647 768 quidam
669 712 704 753 ex
725 695 785 752 eius
807 695 1040 770 assentatoribus,
1068 696 1173 752 Damo-

134 804 205 875 cles,
228 808 457 859 oommemoraret
477 801 507 857 iu
529 818 657 858 sermone
679 793 773 875 copias
795 801 873 875 eius,
897 817 981 875 opes,
1003 802 1174 858 maiestatem

135 907 303 976 dominatus,
314 923 407 965 rerum
425 907 630 981 abundantiam,
642 907 872 979 magnificentiam
893 907 1003 965 aedium
1024 909 1174 981 regiarum,

135 1019 307 1088 negaretque
327 1029 449 1086 unquam
476 1014 628 1071 beatiorem
656 1030 816 1088 quenquam
843 1014 945 1071 tuisse:
973 1015 1058 1074 llisne
1078 1014 1174 1088 igitur,

135 1120 236 1194 iuquit,
255 1137 272 1178 o
294 1121 437 1193 Damocle,
460 1120 592 1194 quoniam
612 1126 640 1176 ta
661 1120 729 1178 baec
750 1122 806 1177 uita
828 1121 955 1195 delectat,
977 1120 1037 1194 ipse
1058 1120 1175 1177 eandem

136 1229 284 1300 degustare
306 1233 334 1284 et
354 1227 492 1284 fortunam
519 1225 639 1298 experiri
666 1224 780 1283 meam?
813 1228 906 1296 Quum
934 1245 967 1285 se
995 1228 1046 1284 ille
1073 1243 1176 1299 cupere

136 1334 268 1398 dixisset,
299 1331 432 1391 collocari
453 1331 696 1389 iussitbomiuem
717 1333 852 1390 inaurea
881 1335 972 1406 lecto,
1005 1339 1088 1390 sueto
1110 1328 1175 1406 pul·
1226 1374 1234 1396 ,

137 1440 277 1497 eberrimo
298 1438 385 1496 textili
413 1439 535 1510 stragulo
564 1431 721 1510 magnificis
746 1440 879 1512 operibus
907 1440 991 1513 picto,
1020 1440 1176 1512 abacosque

137 1547 297 1618 complures
319 1543 428 1601 ornauit
448 1552 564 1616 argento
586 1561 710 1619 auroque
731 1547 846 1602 caelato.
900 1547 973 1603 Tum
995 1545 1030 1602 ad
1051 1560 1176 1601 mensam

137 1651 239 1709 ommia
259 1651 349 1708 iorma
375 1667 479 1723 pueros
505 1652 627 1708 delectos
656 1651 737 1709 iussit
762 1651 915 1709 consistere
937 1644 1050 1725 'eosque
1076 1655 1175 1708 nutum

136 1758 214 1815 illius
236 1746 548 1829 intuentes'diligenter
574 1758 741 1816 ministrare.
795 1757 845 1818 62.
875 1759 998 1815 Aderant
1024 1762 1176 1830 unguenta,

138 1880 275 1939 coronae3
302 1864 520 1923 incendebantur
541 1866 659 1938 odores3
686 1881 798 1923 mensae
820 1862 1062 1938 conquisitissimis
1084 1862 1176 1936 epulis

138 1971 351 2043 extruebanbrr3
373 1971 526 2028 fortunatus
549 1972 602 2028 sibi
612 1973 761 2030 Damocles
782 1971 937 2030 uidebatur.
976 1962 1176 2028 Inbocmedio

140 2083 273 2150 apparata
294 2076 448 2148 fulgentem
470 2077 594 2149 gladium
621 2095 638 2135 e
664 2078 787 2136 lacunari
809 2085 866 2136 seta
887 2076 989 2152 equina
1011 2083 1105 2152 aptum
1126 2077 1177 2134 de·

139 2183 211 2240 mitti
231 2182 327 2256 iussit,
349 2189 381 2239 ut
401 2183 575 2256 impenderet
595 2184 672 2240 illius
694 2185 767 2241 beati
789 2185 955 2242 ocmieibus.
1007 2183 1111 2256 ltaque'
1125 2199 1177 2240 nec

139 2290 273 2363 pulchros
293 2289 359 2346 illos
380 2291 580 2348 ministratores
602 2290 753 2363 aspiciebat
773 2307 826 2348 nec
845 2292 961 2364 plenum
988 2290 1054 2347 artis
1076 2305 1176 2361 argen-

139 2403 200 2454 tum
220 2412 273 2453 nec
293 2413 404 2454 manum
432 2398 593 2470 porrigebat
619 2396 649 2453 iu
675 2414 817 2471 mensam3
844 2397 899 2470 iam
922 2397 1000 2469 ipsae
1020 2397 1178 2453 deiluebant

139 2518 277 2577 coronae;
299 2502 419 2576 denique
441 2505 567 2583 exorauit
587 2512 742 2578 tyrannum,
763 2510 794 2561 ut
815 2505 892 2561 abire
913 2504 1018 2576 liceret,
1034 2503 1178 2576 quodiam

139 2609 237 2667 herus
258 2611 347 2666 nollet
368 2626 439 2666 esse.
494 2611 602 2668 Satisne
628 2611 740 2668 uidetur
760 2611 915 2667 declarasse
936 2609 1087 2682 Dionysius
1107 2607 1178 2665 nibil

139 2730 205 2773 esse
226 2714 252 2771 ei
274 2716 404 2788 beatum,
419 2706 596 2791 cui‘semper
617 2717 704 2790 aliqui
724 2725 814 2774 terror
834 2713 1017 2789 impendeat?
1038 2715 1128 2787 Atque
1150 2713 1178 2771 ei

139 2838 178 2878 ne
198 2821 338 2893 integrum
359 2822 472 2894 quidem
494 2830 569 2897 erat,
598 2830 629 2880 ut
655 2824 690 2880 ad
715 2823 847 2880 iustitiam
869 2824 1046 2896 remigraret,
1068 2820 1177 2878 ciuibus

108 2988 112 3002 ι
140 2928 297 2984 libertatem
319 2933 347 2984 et
366 2929 427 2986 iura
447 2930 591 3004 redderet3
620 2930 655 2986 iis
683 2930 759 2987 enim
785 2945 816 2986 se
837 2929 1000 2986 adolescens
1020 2927 1178 3000 improuida

140 3040 229 3091 aetate
250 3034 387 3092 irretierat
407 3036 504 3094 erratis
526 3053 613 3111 caque
635 3039 825 3110 commiserat,
858 3042 890 3094 ut
916 3038 1011 3094 saluus
1039 3049 1179 3092 essenon

141 3147 248 3214 posset,
271 3141 296 3197 si
316 3157 401 3197 sanus
422 3158 485 3199 esse
506 3144 651 3215 coepisset

227 3246 321 3302 xxll.
334 3243 383 3305 63.
395 3246 504 3314 Quanto
516 3265 601 3320 opere
615 3265 683 3306 uero
705 3249 838 3306 amicitias
859 3249 1039 3320 desideraret,
1061 3263 1179 3320 quarum

141 3351 332 3409 infidelitatem
353 3353 558 3427 extimescebat,
579 3354 731 3411 declarauit
751 3355 779 3412 in
791 3354 965 3427 Pythagoriis
983 3355 1094 3411 duobus
1109 3351 1179 3425 illis,

142 3475 263 3532 quorum
284 3475 370 3532 quum
391 3461 509 3516 alterum
529 3461 631 3517 uadem
651 3460 749 3516 mortis
766 3461 928 3532 accepisset,
939 3433 1020 3533 alter,
1038 3465 1069 3515 ut
1079 3452 1179 3514 uadem
1204 3490 1205 3497 κ

142 3581 225 3622 suum
259 3564 407 3639 liberaret,
440 3574 550 3639 praesto
578 3565 678 3624 luisset
704 3566 739 3623 ad
767 3566 865 3623 horam
891 3565 973 3623 morti
1002 3562 1178 3622 destinatam:

211 3795 256 3846 61.
273 3795 412 3861 iudicauit)
429 3796 592 3847 indicaulto.
627 3795 725 3861 lnquit)
742 3796 818 3847 labet
834 3798 903 3847 inter
919 3797 1002 3846 lineas
1009 3796 1042 3846 ll.
1068 3799 1093 3845 tc
1103 3791 1180 3856 baec)

143 3880 207 3931 baec
225 3885 250 3931 te
268 3879 301 3931 0.
336 3880 458 3945 eandam)
476 3879 632 3931 eademlll’.
666 3881 708 3930 62.
727 3881 829 3945 aptum)
846 3894 987 3943 appensum
1001 3880 1031 3929 P.
1067 3876 1181 3943 demitti)

143 3963 239 4014 dimitti
255 3964 324 4016 Noa.
342 3979 371 4028 p.
388 3962 459 4014 285.
477 3965 531 4015 BP.
560 3952 645 4027 ¹aliqui
662 3964 760 4030 terror)
782 3966 879 4028 aliquid
897 3979 966 4016 error
983 3966 1036 4015 llll.
1082 3965 1182 4025 impro-

142 4044 217 4112 uida)
235 4049 376 4110 improuisa
394 4049 424 4098 P.
458 4047 500 4097 63.
518 4047 691 4114 Pythagoriis)
707 4049 907 4111 Pythagoreiso
949 4046 1056 4114 uadem)
1074 4045 1180 4098 uadell.

144 4131 209 4182 alter
225 4130 268 4195 ut)
285 4133 392 4184 alterurn
410 4132 464 4182 ΒΡ.
499 4131 589 4197 morti)
606 4131 698 4184 mostis
714 4131 746 4181 0.
