<?xml version="1.0" encoding="UTF-8"?>
<!DOCTYPE html PUBLIC "-//W3C//DTD XHTML 1.0 Transitional//EN"
    "http://www.w3.org/TR/xhtml1/DTD/xhtml1-transitional.dtd">
<html xmlns="http://www.w3.org/1999/xhtml" xml:lang="en" lang="en">
 <head>
  <title>
</title>
<meta http-equiv="Content-Type" content="text/html;charset=utf-8" />
  <meta name='ocr-system' content='tesseract 3.04.00' />
  <meta name='ocr-capabilities' content='ocr_page ocr_carea ocr_par ocr_line ocrx_word'/>
</head>
<body>
  <div class='ocr_page' id='page_1' title='image "./tusculanarumdis00treggoog_0078.png"; bbox 0 0 2610 4634; ppageno 0'>
   <div class='ocr_carea' id='block_1_1' title="bbox 394 242 1111 307">
    <p class='ocr_par' dir='ltr' id='par_1_1' title="bbox 394 242 1111 307">
     <span class='ocr_line' id='line_1_1' title="bbox 394 242 1111 307; baseline 0.004 -4"><span class='ocrx_word' id='word_1_1' title='bbox 394 258 470 303; x_wconf 42' lang='lat' dir='ltr'>tntu.</span> <span class='ocrx_word' id='word_1_2' title='bbox 494 246 514 301; x_wconf 86' lang='lat' dir='ltr'>l.</span> <span class='ocrx_word' id='word_1_3' title='bbox 558 258 641 301; x_wconf 78' lang='lat' dir='ltr'>cnr.</span> <span class='ocrx_word' id='word_1_4' title='bbox 665 242 797 303; x_wconf 66' lang='grc'><strong>17--13,</strong></span> <span class='ocrx_word' id='word_1_5' title='bbox 1068 247 1111 307; x_wconf 81' lang='grc'>17,</span> 
     </span>
    </p>
   </div>
   <div class='ocr_carea' id='block_1_2' title="bbox 71 446 1112 1917">
    <p class='ocr_par' dir='ltr' id='par_1_2' title="bbox 71 446 1112 955">
     <span class='ocr_line' id='line_1_2' title="bbox 74 446 1110 523; baseline -0.002 -14"><span class='ocrx_word' id='word_1_6' title='bbox 74 450 179 509; x_wconf 86' lang='lat' dir='ltr'>labella</span> <span class='ocrx_word' id='word_1_7' title='bbox 203 449 354 523; x_wconf 77' lang='lat' dir='ltr'><strong>quaedam,</strong></span> <span class='ocrx_word' id='word_1_8' title='bbox 377 446 426 520; x_wconf 89' lang='lat' dir='ltr'>qui</span> <span class='ocrx_word' id='word_1_9' title='bbox 447 464 534 521; x_wconf 88' lang='lat' dir='ltr'>quum</span> <span class='ocrx_word' id='word_1_10' title='bbox 555 465 572 504; x_wconf 83' lang='lat' dir='ltr'>a</span> <span class='ocrx_word' id='word_1_11' title='bbox 596 448 672 506; x_wconf 82' lang='lat' dir='ltr'>Mida</span> <span class='ocrx_word' id='word_1_12' title='bbox 694 456 789 520; x_wconf 87' lang='lat' dir='ltr'>captus</span> <span class='ocrx_word' id='word_1_13' title='bbox 812 453 901 518; x_wconf 90' lang='lat' dir='ltr'>esset,</span> <span class='ocrx_word' id='word_1_14' title='bbox 925 449 977 504; x_wconf 93' lang='lat' dir='ltr'>hoc</span> <span class='ocrx_word' id='word_1_15' title='bbox 1000 449 1025 505; x_wconf 95' lang='lat' dir='ltr'>ei</span> <span class='ocrx_word' id='word_1_16' title='bbox 1048 468 1110 507; x_wconf 77' lang='lat' dir='ltr'>rnre·</span> 
     </span>
     <span class='ocr_line' id='line_1_3' title="bbox 72 548 1112 631; baseline -0.003 -14"><span class='ocrx_word' id='word_1_17' title='bbox 72 559 150 619; x_wconf 89' lang='lat' dir='ltr'>neris</span> <span class='ocrx_word' id='word_1_18' title='bbox 172 574 225 631; x_wconf 87' lang='lat' dir='ltr'>pre</span> <span class='ocrx_word' id='word_1_19' title='bbox 247 574 297 615; x_wconf 85' lang='lat' dir='ltr'>sua</span> <span class='ocrx_word' id='word_1_20' title='bbox 318 555 450 612; x_wconf 78' lang='lat' dir='ltr'>missione</span> <span class='ocrx_word' id='word_1_21' title='bbox 473 556 583 612; x_wconf 89' lang='lat' dir='ltr'>dedrsse</span> <span class='ocrx_word' id='word_1_22' title='bbox 612 548 759 611; x_wconf 84' lang='lat' dir='ltr'>scribitur:</span> <span class='ocrx_word' id='word_1_23' title='bbox 788 555 917 612; x_wconf 81' lang='lat' dir='ltr'>docuisse</span> <span class='ocrx_word' id='word_1_24' title='bbox 940 573 1035 627; x_wconf 81' lang='lat' dir='ltr'>regem</span> <span class='ocrx_word' id='word_1_25' title='bbox 1056 576 1112 614; x_wconf 93' lang='lat' dir='ltr'>non</span> 
     </span>
     <span class='ocr_line' id='line_1_4' title="bbox 71 661 1112 736; baseline -0.004 -12"><span class='ocrx_word' id='word_1_26' title='bbox 71 664 149 725; x_wconf 86' lang='lat' dir='ltr'>nasei</span> <span class='ocrx_word' id='word_1_27' title='bbox 170 663 279 721; x_wconf 92' lang='lat' dir='ltr'>homini</span> <span class='ocrx_word' id='word_1_28' title='bbox 300 666 384 734; x_wconf 86' lang='lat' dir='ltr'>longe</span> <span class='ocrx_word' id='word_1_29' title='bbox 406 661 542 734; x_wconf 89' lang='lat' dir='ltr'>optimum</span> <span class='ocrx_word' id='word_1_30' title='bbox 563 679 635 734; x_wconf 89' lang='lat' dir='ltr'>esse,</span> <span class='ocrx_word' id='word_1_31' title='bbox 658 661 815 734; x_wconf 85' lang='lat' dir='ltr'>proximum</span> <span class='ocrx_word' id='word_1_32' title='bbox 837 669 928 719; x_wconf 87' lang='lat' dir='ltr'>autem</span> <span class='ocrx_word' id='word_1_33' title='bbox 954 680 1036 735; x_wconf 85' lang='lat' dir='ltr'>quarn</span> <span class='ocrx_word' id='word_1_34' title='bbox 1054 665 1112 736; x_wconf 89' lang='lat' dir='ltr'>pri·</span> 
     </span>
     <span class='ocr_line' id='line_1_5' title="bbox 71 768 1111 841; baseline -0.003 -10"><span class='ocrx_word' id='word_1_35' title='bbox 71 790 152 831; x_wconf 92' lang='lat' dir='ltr'>mum</span> <span class='ocrx_word' id='word_1_36' title='bbox 172 771 256 830; x_wconf 91' lang='lat' dir='ltr'>mori.</span> <span class='ocrx_word' id='word_1_37' title='bbox 307 768 376 829; x_wconf 77' lang='lat'><strong>115.</strong></span> <span class='ocrx_word' id='word_1_38' title='bbox 406 771 468 838; x_wconf 85' lang='lat' dir='ltr'>Qua</span> <span class='ocrx_word' id='word_1_39' title='bbox 497 776 539 826; x_wconf 91' lang='lat' dir='ltr'>est</span> <span class='ocrx_word' id='word_1_40' title='bbox 563 769 697 826; x_wconf 87' lang='lat' dir='ltr'>sententia</span> <span class='ocrx_word' id='word_1_41' title='bbox 719 769 747 825; x_wconf 92' lang='lat' dir='ltr'>in</span> <span class='ocrx_word' id='word_1_42' title='bbox 770 770 940 841; x_wconf 71' lang='lat' dir='ltr'>Cresphonte</span> <span class='ocrx_word' id='word_1_43' title='bbox 963 788 1030 827; x_wconf 90' lang='lat' dir='ltr'>usus</span> <span class='ocrx_word' id='word_1_44' title='bbox 1052 774 1111 828; x_wconf 85' lang='lat' dir='ltr'>Eu·</span> 
     </span>
     <span class='ocr_line' id='line_1_6' title="bbox 72 882 197 955; baseline -0.032 -16"><span class='ocrx_word' id='word_1_45' title='bbox 72 882 197 955; x_wconf 83' lang='lat' dir='ltr'>ripides:</span> 
     </span>
    </p>

    <p class='ocr_par' dir='ltr' id='par_1_3' title="bbox 156 985 863 1045">
     <span class='ocr_line' id='line_1_7' title="bbox 156 985 863 1045; baseline -0.008 0"><span class='ocrx_word' id='word_1_46' title='bbox 156 987 233 1045; x_wconf 82' lang='lat' dir='ltr'>Num</span> <span class='ocrx_word' id='word_1_47' title='bbox 252 1003 305 1041; x_wconf 80' lang='lat' dir='ltr'>noe</span> <span class='ocrx_word' id='word_1_48' title='bbox 327 987 435 1041; x_wconf 82' lang='lat' dir='ltr'>decebat</span> <span class='ocrx_word' id='word_1_49' title='bbox 455 990 547 1041; x_wconf 75' lang='lat' dir='ltr'>cortus</span> <span class='ocrx_word' id='word_1_50' title='bbox 569 985 731 1041; x_wconf 73' lang='lat' dir='ltr'>celebrantes</span> <span class='ocrx_word' id='word_1_51' title='bbox 754 987 863 1040; x_wconf 82' lang='lat' dir='ltr'>doraum</span> 
     </span>
    </p>

    <p class='ocr_par' dir='ltr' id='par_1_4' title="bbox 161 1092 841 1166">
     <span class='ocr_line' id='line_1_8' title="bbox 161 1092 841 1166; baseline -0.006 -16"><span class='ocrx_word' id='word_1_52' title='bbox 161 1096 276 1166; x_wconf 77' lang='lat' dir='ltr'>Lupere,</span> <span class='ocrx_word' id='word_1_53' title='bbox 298 1095 436 1148; x_wconf 61' lang='lat' dir='ltr'>uitiasset</span> <span class='ocrx_word' id='word_1_54' title='bbox 458 1092 562 1164; x_wconf 73' lang='lat' dir='ltr'>alluuie</span> <span class='ocrx_word' id='word_1_55' title='bbox 584 1095 614 1147; x_wconf 84' lang='lat' dir='ltr'>in</span> <span class='ocrx_word' id='word_1_56' title='bbox 637 1092 719 1147; x_wconf 86' lang='lat' dir='ltr'>lucem</span> <span class='ocrx_word' id='word_1_57' title='bbox 741 1096 841 1166; x_wconf 83' lang='lat' dir='ltr'>editrrc,</span> 
     </span>
    </p>

    <p class='ocr_par' dir='ltr' id='par_1_5' title="bbox 158 1201 808 1271">
     <span class='ocr_line' id='line_1_9' title="bbox 158 1201 808 1271; baseline -0.006 -12"><span class='ocrx_word' id='word_1_58' title='bbox 158 1202 308 1259; x_wconf 79' lang='lat' dir='ltr'><strong><em>Humanae</em></strong></span> <span class='ocrx_word' id='word_1_59' title='bbox 334 1202 410 1255; x_wconf 86' lang='lat' dir='ltr'>ultae</span> <span class='ocrx_word' id='word_1_60' title='bbox 431 1202 516 1255; x_wconf 85' lang='lat' dir='ltr'>uario</span> <span class='ocrx_word' id='word_1_61' title='bbox 535 1205 693 1271; x_wconf 78' lang='lat' dir='ltr'>reputantes</span> <span class='ocrx_word' id='word_1_62' title='bbox 714 1201 808 1269; x_wconf 86' lang='lat' dir='ltr'>rnnlu;</span> 
     </span>
    </p>

    <p class='ocr_par' dir='ltr' id='par_1_6' title="bbox 158 1307 776 1381">
     <span class='ocr_line' id='line_1_10' title="bbox 158 1307 776 1381; baseline -0.005 -16"><span class='ocrx_word' id='word_1_63' title='bbox 158 1307 206 1381; x_wconf 77' lang='lat' dir='ltr'>Ar,</span> <span class='ocrx_word' id='word_1_64' title='bbox 229 1313 280 1381; x_wconf 78' lang='lat' dir='ltr'>qui</span> <span class='ocrx_word' id='word_1_65' title='bbox 302 1308 410 1363; x_wconf 80' lang='lat' dir='ltr'>laborer</span> <span class='ocrx_word' id='word_1_66' title='bbox 431 1312 519 1361; x_wconf 82' lang='lat' dir='ltr'>morte</span> <span class='ocrx_word' id='word_1_67' title='bbox 538 1307 643 1379; x_wconf 72' lang='lat' dir='ltr'>{irrisuri</span> <span class='ocrx_word' id='word_1_68' title='bbox 664 1324 776 1377; x_wconf 76' lang='lat' dir='ltr'>proces,</span> 
     </span>
    </p>

    <p class='ocr_par' dir='ltr' id='par_1_7' title="bbox 72 1414 1112 1917">
     <span class='ocr_line' id='line_1_11' title="bbox 161 1414 876 1487; baseline -0.001 -15"><span class='ocrx_word' id='word_1_69' title='bbox 161 1416 245 1472; x_wconf 81' lang='lat' dir='ltr'>Hunc</span> <span class='ocrx_word' id='word_1_70' title='bbox 266 1417 342 1471; x_wconf 84' lang='lat' dir='ltr'>omui</span> <span class='ocrx_word' id='word_1_71' title='bbox 364 1417 466 1469; x_wconf 73' lang='lat' dir='ltr'>amicos</span> <span class='ocrx_word' id='word_1_72' title='bbox 490 1414 570 1469; x_wconf 83' lang='lat' dir='ltr'>laude</span> <span class='ocrx_word' id='word_1_73' title='bbox 592 1420 617 1468; x_wconf 88' lang='lat' dir='ltr'>ct</span> <span class='ocrx_word' id='word_1_74' title='bbox 640 1415 747 1469; x_wconf 80' lang='lat' dir='ltr'>laetitio</span> <span class='ocrx_word' id='word_1_75' title='bbox 769 1418 876 1487; x_wconf 77' lang='lat' dir='ltr'>crepui.</span> 
     </span>
     <span class='ocr_line' id='line_1_12' title="bbox 73 1520 1112 1596; baseline -0.003 -15"><span class='ocrx_word' id='word_1_76' title='bbox 73 1522 174 1581; x_wconf 83' lang='lat' dir='ltr'><strong>Simile</strong></span> <span class='ocrx_word' id='word_1_77' title='bbox 202 1522 334 1596; x_wconf 83' lang='lat' dir='ltr'>quiddam</span> <span class='ocrx_word' id='word_1_78' title='bbox 362 1528 404 1578; x_wconf 91' lang='lat' dir='ltr'>est</span> <span class='ocrx_word' id='word_1_79' title='bbox 424 1521 453 1577; x_wconf 92' lang='lat' dir='ltr'>iu</span> <span class='ocrx_word' id='word_1_80' title='bbox 475 1520 663 1577; x_wconf 76' lang='lat' dir='ltr'>consolatione</span> <span class='ocrx_word' id='word_1_81' title='bbox 686 1520 842 1593; x_wconf 82' lang='lat' dir='ltr'>Crantoris3</span> <span class='ocrx_word' id='word_1_82' title='bbox 876 1521 913 1577; x_wconf 87' lang='lat' dir='ltr'>ait</span> <span class='ocrx_word' id='word_1_83' title='bbox 934 1523 1008 1579; x_wconf 89' lang='lat' dir='ltr'>enim</span> <span class='ocrx_word' id='word_1_84' title='bbox 1031 1524 1112 1581; x_wconf 89' lang='lat' dir='ltr'>Teri-</span> 
     </span>
     <span class='ocr_line' id='line_1_13' title="bbox 72 1627 1111 1703; baseline -0.002 -15"><span class='ocrx_word' id='word_1_85' title='bbox 72 1648 175 1689; x_wconf 88' lang='lat' dir='ltr'>naeum</span> <span class='ocrx_word' id='word_1_86' title='bbox 197 1631 337 1702; x_wconf 89' lang='lat' dir='ltr'>quendam</span> <span class='ocrx_word' id='word_1_87' title='bbox 357 1628 494 1701; x_wconf 68' lang='lat' dir='ltr'>Elysium,</span> <span class='ocrx_word' id='word_1_88' title='bbox 517 1645 603 1700; x_wconf 89' lang='lat' dir='ltr'>quum</span> <span class='ocrx_word' id='word_1_89' title='bbox 627 1627 748 1698; x_wconf 80' lang='lat' dir='ltr'>grauiter</span> <span class='ocrx_word' id='word_1_90' title='bbox 770 1629 809 1684; x_wconf 87' lang='lat' dir='ltr'>hli</span> <span class='ocrx_word' id='word_1_91' title='bbox 832 1637 946 1685; x_wconf 89' lang='lat' dir='ltr'>mortem</span> <span class='ocrx_word' id='word_1_92' title='bbox 963 1638 1111 1703; x_wconf 87' lang='lat' dir='ltr'>maereret,</span> 
     </span>
     <span class='ocr_line' id='line_1_14' title="bbox 74 1736 1112 1809; baseline -0.002 -13"><span class='ocrx_word' id='word_1_93' title='bbox 74 1741 187 1796; x_wconf 85' lang='lat' dir='ltr'>uenisse</span> <span class='ocrx_word' id='word_1_94' title='bbox 210 1738 240 1794; x_wconf 95' lang='lat' dir='ltr'>in</span> <span class='ocrx_word' id='word_1_95' title='bbox 261 1736 500 1809; x_wconf 80' lang='lat' dir='ltr'>psychomantium</span> <span class='ocrx_word' id='word_1_96' title='bbox 522 1742 713 1807; x_wconf 79' lang='lat' dir='ltr'>quaerentem,</span> <span class='ocrx_word' id='word_1_97' title='bbox 743 1753 814 1808; x_wconf 87' lang='lat' dir='ltr'>qnae</span> <span class='ocrx_word' id='word_1_98' title='bbox 836 1737 934 1793; x_wconf 87' lang='lat' dir='ltr'>fuisset</span> <span class='ocrx_word' id='word_1_99' title='bbox 955 1744 1044 1794; x_wconf 86' lang='lat' dir='ltr'>tantae</span> <span class='ocrx_word' id='word_1_100' title='bbox 1066 1757 1112 1794; x_wconf 83' lang='lat' dir='ltr'>ca-</span> 
     </span>
     <span class='ocr_line' id='line_1_15' title="bbox 73 1843 1111 1917; baseline 0.001 -15"><span class='ocrx_word' id='word_1_101' title='bbox 73 1846 204 1903; x_wconf 87' lang='lat' dir='ltr'>lamitatis</span> <span class='ocrx_word' id='word_1_102' title='bbox 236 1861 339 1917; x_wconf 83' lang='lat' dir='ltr'>causa3</span> <span class='ocrx_word' id='word_1_103' title='bbox 378 1844 442 1899; x_wconf 92' lang='lat' dir='ltr'>huic</span> <span class='ocrx_word' id='word_1_104' title='bbox 474 1844 504 1899; x_wconf 92' lang='lat' dir='ltr'>in</span> <span class='ocrx_word' id='word_1_105' title='bbox 532 1843 640 1898; x_wconf 87' lang='lat' dir='ltr'>tahcllis</span> <span class='ocrx_word' id='word_1_106' title='bbox 676 1848 731 1899; x_wconf 90' lang='lat' dir='ltr'>tres</span> <span class='ocrx_word' id='word_1_107' title='bbox 764 1843 925 1901; x_wconf 91' lang='lat' dir='ltr'>huiusmodi</span> <span class='ocrx_word' id='word_1_108' title='bbox 957 1845 1111 1903; x_wconf 88' lang='lat' dir='ltr'>uersiculos</span> 
     </span>
    </p>
   </div>
   <div class='ocr_carea' id='block_1_3' title="bbox 74 1955 842 2131">
    <p class='ocr_par' dir='ltr' id='par_1_8' title="bbox 74 1955 842 2131">
     <span class='ocr_line' id='line_1_16' title="bbox 74 1955 793 2033; baseline -0.004 -22"><span class='ocrx_word' id='word_1_109' title='bbox 74 1955 169 2011; x_wconf 86' lang='lat' dir='ltr'>datos:</span> <span class='ocrx_word' id='word_1_110' title='bbox 788 2023 793 2033; x_wconf 90' lang='lat'><em>.</em></span> 
     </span>
     <span class='ocr_line' id='line_1_17' title="bbox 159 2060 842 2131; baseline -0.003 -16"><span class='ocrx_word' id='word_1_111' title='bbox 159 2060 275 2131; x_wconf 79' lang='lat' dir='ltr'>lpncris</span> <span class='ocrx_word' id='word_1_112' title='bbox 299 2061 420 2115; x_wconf 81' lang='lat' dir='ltr'>loomirter</span> <span class='ocrx_word' id='word_1_113' title='bbox 442 2062 473 2115; x_wconf 86' lang='lat' dir='ltr'>in</span> <span class='ocrx_word' id='word_1_114' title='bbox 492 2062 554 2115; x_wconf 82' lang='lat' dir='ltr'>ulto</span> <span class='ocrx_word' id='word_1_115' title='bbox 574 2062 708 2115; x_wconf 77' lang='lat' dir='ltr'>urentibus</span> <span class='ocrx_word' id='word_1_116' title='bbox 731 2065 842 2129; x_wconf 75' lang='lat' dir='ltr'>errrrnt3</span> 
     </span>
    </p>
   </div>
   <div class='ocr_carea' id='block_1_4' title="bbox 73 2166 1113 3636">
    <p class='ocr_par' dir='ltr' id='par_1_9' title="bbox 158 2166 825 2241">
     <span class='ocr_line' id='line_1_18' title="bbox 158 2166 825 2241; baseline -0.003 -19"><span class='ocrx_word' id='word_1_117' title='bbox 158 2166 327 2238; x_wconf 76' lang='lat' dir='ltr'>Euthynous</span> <span class='ocrx_word' id='word_1_118' title='bbox 345 2171 456 2240; x_wconf 82' lang='lat' dir='ltr'>politur</span> <span class='ocrx_word' id='word_1_119' title='bbox 477 2169 601 2241; x_wconf 76' lang='lat' dir='ltr'>satorum</span> <span class='ocrx_word' id='word_1_120' title='bbox 622 2170 731 2222; x_wconf 83' lang='lat' dir='ltr'>aturrinc</span> <span class='ocrx_word' id='word_1_121' title='bbox 755 2167 825 2237; x_wconf 88' lang='lat' dir='ltr'>leto,·</span> 
     </span>
    </p>

    <p class='ocr_par' dir='ltr' id='par_1_10' title="bbox 73 2274 1113 3636">
     <span class='ocr_line' id='line_1_19' title="bbox 160 2274 766 2355; baseline -0.003 -25"><span class='ocrx_word' id='word_1_122' title='bbox 160 2274 209 2355; x_wconf 74' lang='lat' dir='ltr'>Sic</span> <span class='ocrx_word' id='word_1_123' title='bbox 229 2276 286 2348; x_wconf 76' lang='lat' dir='ltr'>[uit</span> <span class='ocrx_word' id='word_1_124' title='bbox 306 2276 403 2331; x_wconf 84' lang='lat' dir='ltr'>utilius</span> <span class='ocrx_word' id='word_1_125' title='bbox 424 2276 501 2348; x_wconf 75' lang='lat' dir='ltr'>finiri</span> <span class='ocrx_word' id='word_1_126' title='bbox 522 2277 632 2346; x_wconf 80' lang='lat' dir='ltr'>ipsique</span> <span class='ocrx_word' id='word_1_127' title='bbox 655 2277 766 2346; x_wconf 81' lang='lat' dir='ltr'>tibique.</span> 
     </span>
     <span class='ocr_line' id='line_1_20' title="bbox 77 2378 1112 2442; baseline 0 -4"><span class='ocrx_word' id='word_1_128' title='bbox 77 2379 148 2442; x_wconf 84' lang='grc'><strong>116.</strong></span> <span class='ocrx_word' id='word_1_129' title='bbox 172 2381 225 2439; x_wconf 81' lang='lat' dir='ltr'>nis</span> <span class='ocrx_word' id='word_1_130' title='bbox 255 2387 282 2438; x_wconf 87' lang='lat' dir='ltr'>et</span> <span class='ocrx_word' id='word_1_131' title='bbox 304 2383 403 2439; x_wconf 82' lang='lat' dir='ltr'>talibus</span> <span class='ocrx_word' id='word_1_132' title='bbox 426 2382 583 2439; x_wconf 84' lang='lat' dir='ltr'>auctoribus</span> <span class='ocrx_word' id='word_1_133' title='bbox 608 2382 649 2437; x_wconf 90' lang='lat' dir='ltr'>usi</span> <span class='ocrx_word' id='word_1_134' title='bbox 672 2378 837 2437; x_wconf 83' lang='lat' dir='ltr'>confirmant</span> <span class='ocrx_word' id='word_1_135' title='bbox 858 2398 968 2437; x_wconf 88' lang='lat' dir='ltr'>causam</span> <span class='ocrx_word' id='word_1_136' title='bbox 991 2383 1074 2438; x_wconf 90' lang='lat' dir='ltr'>rebus</span> <span class='ocrx_word' id='word_1_137' title='bbox 1097 2399 1112 2438; x_wconf 89' lang='lat' dir='ltr'>a</span> 
     </span>
     <span class='ocr_line' id='line_1_21' title="bbox 75 2486 1112 2560; baseline -0.001 -14"><span class='ocrx_word' id='word_1_138' title='bbox 75 2489 118 2546; x_wconf 89' lang='lat' dir='ltr'>dis</span> <span class='ocrx_word' id='word_1_139' title='bbox 140 2489 343 2546; x_wconf 82' lang='lat' dir='ltr'>immortalibus</span> <span class='ocrx_word' id='word_1_140' title='bbox 371 2489 528 2545; x_wconf 86' lang='lat' dir='ltr'>iudicatam.</span> <span class='ocrx_word' id='word_1_141' title='bbox 578 2486 734 2546; x_wconf 78' lang='lat' dir='ltr'>Alcidamas</span> <span class='ocrx_word' id='word_1_142' title='bbox 763 2487 892 2560; x_wconf 84' lang='lat' dir='ltr'>quidem,</span> <span class='ocrx_word' id='word_1_143' title='bbox 922 2490 1016 2545; x_wconf 86' lang='lat' dir='ltr'>rhetor</span> <span class='ocrx_word' id='word_1_144' title='bbox 1043 2491 1112 2546; x_wconf 87' lang='lat' dir='ltr'>anti-</span> 
     </span>
     <span class='ocr_line' id='line_1_22' title="bbox 76 2594 1112 2681; baseline -0.003 -27"><span class='ocrx_word' id='word_1_145' title='bbox 76 2597 199 2670; x_wconf 85' lang='lat' dir='ltr'>quasin</span> <span class='ocrx_word' id='word_1_146' title='bbox 222 2597 318 2681; x_wconf 85' lang='lat' dir='ltr'>primis</span> <span class='ocrx_word' id='word_1_147' title='bbox 340 2597 452 2669; x_wconf 89' lang='lat' dir='ltr'>nohilis,</span> <span class='ocrx_word' id='word_1_148' title='bbox 475 2595 586 2668; x_wconf 87' lang='lat' dir='ltr'>scripsit</span> <span class='ocrx_word' id='word_1_149' title='bbox 607 2596 688 2651; x_wconf 90' lang='lat' dir='ltr'>ctiam</span> <span class='ocrx_word' id='word_1_150' title='bbox 711 2594 894 2650; x_wconf 90' lang='lat' dir='ltr'>laudationem</span> <span class='ocrx_word' id='word_1_151' title='bbox 917 2596 1023 2667; x_wconf 87' lang='lat' dir='ltr'>mortis,</span> <span class='ocrx_word' id='word_1_152' title='bbox 1041 2612 1112 2667; x_wconf 86' lang='lat' dir='ltr'>quae</span> 
     </span>
     <span class='ocr_line' id='line_1_23' title="bbox 75 2698 1112 2761; baseline -0.002 -1"><span class='ocrx_word' id='word_1_153' title='bbox 75 2711 182 2761; x_wconf 89' lang='lat' dir='ltr'>constat</span> <span class='ocrx_word' id='word_1_154' title='bbox 209 2721 244 2761; x_wconf 84' lang='lat' dir='ltr'>ex</span> <span class='ocrx_word' id='word_1_155' title='bbox 266 2698 470 2760; x_wconf 84' lang='lat' dir='ltr'>enumeratione</span> <span class='ocrx_word' id='word_1_156' title='bbox 499 2705 682 2759; x_wconf 87' lang='lat' dir='ltr'>humanorum</span> <span class='ocrx_word' id='word_1_157' title='bbox 712 2703 857 2759; x_wconf 86' lang='lat' dir='ltr'>malorum.</span> <span class='ocrx_word' id='word_1_158' title='bbox 913 2702 964 2757; x_wconf 85' lang='lat' dir='ltr'>Cui</span> <span class='ocrx_word' id='word_1_159' title='bbox 993 2703 1112 2758; x_wconf 87' lang='lat' dir='ltr'>rationes</span> 
     </span>
     <span class='ocr_line' id='line_1_24' title="bbox 75 2809 1113 2885; baseline -0.001 -18"><span class='ocrx_word' id='word_1_160' title='bbox 75 2828 134 2881; x_wconf 85' lang='lat' dir='ltr'>cae,</span> <span class='ocrx_word' id='word_1_161' title='bbox 158 2828 229 2883; x_wconf 84' lang='lat' dir='ltr'>quae</span> <span class='ocrx_word' id='word_1_162' title='bbox 251 2812 414 2885; x_wconf 84' lang='lat' dir='ltr'>exquisitius</span> <span class='ocrx_word' id='word_1_163' title='bbox 431 2810 632 2883; x_wconf 83' lang='lat' dir='ltr'>aphilosophis</span> <span class='ocrx_word' id='word_1_164' title='bbox 655 2809 834 2879; x_wconf 85' lang='lat' dir='ltr'>colliguntur,</span> <span class='ocrx_word' id='word_1_165' title='bbox 853 2810 1010 2881; x_wconf 82' lang='lat' dir='ltr'>doluerunt,</span> <span class='ocrx_word' id='word_1_166' title='bbox 1028 2810 1113 2866; x_wconf 89' lang='lat' dir='ltr'>uber-</span> 
     </span>
     <span class='ocr_line' id='line_1_25' title="bbox 74 2917 1112 2990; baseline -0.002 -15"><span class='ocrx_word' id='word_1_167' title='bbox 74 2924 115 2975; x_wconf 87' lang='lat' dir='ltr'>tas</span> <span class='ocrx_word' id='word_1_168' title='bbox 139 2918 269 2975; x_wconf 88' lang='lat' dir='ltr'>oraticnis</span> <span class='ocrx_word' id='word_1_169' title='bbox 290 2936 346 2975; x_wconf 92' lang='lat' dir='ltr'>nou</span> <span class='ocrx_word' id='word_1_170' title='bbox 369 2919 465 2974; x_wconf 75' lang='lat' dir='ltr'>deluit</span> <span class='ocrx_word' id='word_1_171' title='bbox 500 2918 596 2973; x_wconf 88' lang='lat' dir='ltr'>Clarae</span> <span class='ocrx_word' id='word_1_172' title='bbox 618 2935 686 2973; x_wconf 91' lang='lat' dir='ltr'>uero</span> <span class='ocrx_word' id='word_1_173' title='bbox 709 2924 823 2988; x_wconf 86' lang='lat' dir='ltr'>mortes,</span> <span class='ocrx_word' id='word_1_174' title='bbox 846 2936 897 2990; x_wconf 92' lang='lat' dir='ltr'>pro</span> <span class='ocrx_word' id='word_1_175' title='bbox 920 2917 1006 2989; x_wconf 86' lang='lat' dir='ltr'>patria</span> <span class='ocrx_word' id='word_1_176' title='bbox 1024 2935 1112 2990; x_wconf 92' lang='lat' dir='ltr'>oppe-</span> 
     </span>
     <span class='ocr_line' id='line_1_26' title="bbox 74 3024 1112 3097; baseline 0.001 -15"><span class='ocrx_word' id='word_1_177' title='bbox 74 3026 156 3097; x_wconf 87' lang='lat' dir='ltr'>titae,</span> <span class='ocrx_word' id='word_1_178' title='bbox 179 3043 236 3082; x_wconf 90' lang='lat' dir='ltr'>non</span> <span class='ocrx_word' id='word_1_179' title='bbox 259 3027 351 3082; x_wconf 90' lang='lat' dir='ltr'>solum</span> <span class='ocrx_word' id='word_1_180' title='bbox 373 3024 512 3096; x_wconf 79' lang='lat' dir='ltr'>gloriosae</span> <span class='ocrx_word' id='word_1_181' title='bbox 534 3025 707 3097; x_wconf 81' lang='lat' dir='ltr'>rhetoribus,</span> <span class='ocrx_word' id='word_1_182' title='bbox 731 3026 779 3081; x_wconf 93' lang='lat' dir='ltr'>sed</span> <span class='ocrx_word' id='word_1_183' title='bbox 802 3025 883 3082; x_wconf 87' lang='lat' dir='ltr'>ctiam</span> <span class='ocrx_word' id='word_1_184' title='bbox 906 3027 1000 3083; x_wconf 89' lang='lat' dir='ltr'>beatae</span> <span class='ocrx_word' id='word_1_185' title='bbox 1023 3026 1112 3083; x_wconf 89' lang='lat' dir='ltr'>uideri</span> 
     </span>
     <span class='ocr_line' id='line_1_27' title="bbox 74 3132 1112 3206; baseline 0.002 -17"><span class='ocrx_word' id='word_1_186' title='bbox 74 3134 176 3189; x_wconf 84' lang='lat' dir='ltr'>solent.</span> <span class='ocrx_word' id='word_1_187' title='bbox 230 3133 367 3205; x_wconf 85' lang='lat' dir='ltr'>Repetunt</span> <span class='ocrx_word' id='word_1_188' title='bbox 395 3132 430 3188; x_wconf 81' lang='lat' dir='ltr'>ab</span> <span class='ocrx_word' id='word_1_189' title='bbox 464 3132 636 3204; x_wconf 86' lang='lat' dir='ltr'>Erechtheo,</span> <span class='ocrx_word' id='word_1_190' title='bbox 670 3133 749 3189; x_wconf 89' lang='lat' dir='ltr'>cuius</span> <span class='ocrx_word' id='word_1_191' title='bbox 781 3134 862 3190; x_wconf 89' lang='lat' dir='ltr'>ctiam</span> <span class='ocrx_word' id='word_1_192' title='bbox 894 3135 967 3190; x_wconf 89' lang='lat' dir='ltr'>liliac</span> <span class='ocrx_word' id='word_1_193' title='bbox 996 3135 1112 3206; x_wconf 88' lang='lat' dir='ltr'>cupidae</span> 
     </span>
     <span class='ocr_line' id='line_1_28' title="bbox 74 3240 1111 3315; baseline 0 -18"><span class='ocrx_word' id='word_1_194' title='bbox 74 3247 193 3297; x_wconf 85' lang='lat' dir='ltr'>mortem</span> <span class='ocrx_word' id='word_1_195' title='bbox 215 3240 408 3310; x_wconf 81' lang='lat' dir='ltr'>expetiuerunt</span> <span class='ocrx_word' id='word_1_196' title='bbox 427 3255 478 3310; x_wconf 90' lang='lat' dir='ltr'>pro</span> <span class='ocrx_word' id='word_1_197' title='bbox 501 3240 556 3295; x_wconf 88' lang='lat' dir='ltr'>uita</span> <span class='ocrx_word' id='word_1_198' title='bbox 579 3240 697 3309; x_wconf 84' lang='lat' dir='ltr'>ciuium;</span> <span class='ocrx_word' id='word_1_199' title='bbox 721 3242 855 3315; x_wconf 86' lang='lat' dir='ltr'>Codrum,</span> <span class='ocrx_word' id='word_1_200' title='bbox 878 3241 925 3314; x_wconf 90' lang='lat' dir='ltr'>qui</span> <span class='ocrx_word' id='word_1_201' title='bbox 949 3259 979 3297; x_wconf 91' lang='lat' dir='ltr'>se</span> <span class='ocrx_word' id='word_1_202' title='bbox 1001 3243 1028 3297; x_wconf 94' lang='lat' dir='ltr'>in</span> <span class='ocrx_word' id='word_1_203' title='bbox 1052 3260 1111 3297; x_wconf 83' lang='lat' dir='ltr'>me·</span> 
     </span>
     <span class='ocr_line' id='line_1_29' title="bbox 74 3345 1113 3421; baseline 0.003 -20"><span class='ocrx_word' id='word_1_204' title='bbox 74 3345 138 3402; x_wconf 84' lang='lat' dir='ltr'>dios</span> <span class='ocrx_word' id='word_1_205' title='bbox 161 3346 276 3403; x_wconf 89' lang='lat' dir='ltr'>immisit</span> <span class='ocrx_word' id='word_1_206' title='bbox 296 3347 389 3403; x_wconf 90' lang='lat' dir='ltr'>hostes</span> <span class='ocrx_word' id='word_1_207' title='bbox 412 3353 489 3402; x_wconf 90' lang='lat' dir='ltr'>ueste</span> <span class='ocrx_word' id='word_1_208' title='bbox 511 3345 649 3416; x_wconf 87' lang='lat' dir='ltr'>famulari,</span> <span class='ocrx_word' id='word_1_209' title='bbox 674 3366 708 3404; x_wconf 94' lang='lat' dir='ltr'>nc</span> <span class='ocrx_word' id='word_1_210' title='bbox 730 3356 825 3421; x_wconf 88' lang='lat' dir='ltr'>posset</span> <span class='ocrx_word' id='word_1_211' title='bbox 846 3348 970 3420; x_wconf 78' lang='lat' dir='ltr'>agnosci,</span> <span class='ocrx_word' id='word_1_212' title='bbox 994 3347 1015 3402; x_wconf 91' lang='lat' dir='ltr'>si</span> <span class='ocrx_word' id='word_1_213' title='bbox 1039 3355 1113 3404; x_wconf 89' lang='lat' dir='ltr'>essct</span> 
     </span>
     <span class='ocr_line' id='line_1_30' title="bbox 74 3453 1111 3527; baseline 0 -18"><span class='ocrx_word' id='word_1_214' title='bbox 74 3460 174 3510; x_wconf 90' lang='lat' dir='ltr'>ornatu</span> <span class='ocrx_word' id='word_1_215' title='bbox 196 3454 285 3527; x_wconf 80' lang='lat' dir='ltr'>regio,</span> <span class='ocrx_word' id='word_1_216' title='bbox 308 3454 383 3526; x_wconf 93' lang='lat' dir='ltr'>quod</span> <span class='ocrx_word' id='word_1_217' title='bbox 406 3455 548 3509; x_wconf 89' lang='lat' dir='ltr'>oraculum</span> <span class='ocrx_word' id='word_1_218' title='bbox 571 3462 630 3511; x_wconf 89' lang='lat' dir='ltr'>erat</span> <span class='ocrx_word' id='word_1_219' title='bbox 650 3456 753 3524; x_wconf 84' lang='lat' dir='ltr'>datum,</span> <span class='ocrx_word' id='word_1_220' title='bbox 772 3456 795 3511; x_wconf 92' lang='lat' dir='ltr'>si</span> <span class='ocrx_word' id='word_1_221' title='bbox 813 3473 862 3511; x_wconf 83' lang='lat' dir='ltr'>rex</span> <span class='ocrx_word' id='word_1_222' title='bbox 884 3453 1043 3511; x_wconf 88' lang='lat' dir='ltr'>interiectus</span> <span class='ocrx_word' id='word_1_223' title='bbox 1066 3471 1111 3510; x_wconf 92' lang='lat' dir='ltr'>es-</span> 
     </span>
     <span class='ocr_line' id='line_1_31' title="bbox 73 3560 1111 3636; baseline -0.001 -18"><span class='ocrx_word' id='word_1_224' title='bbox 73 3566 132 3636; x_wconf 77' lang='lat' dir='ltr'>eet,</span> <span class='ocrx_word' id='word_1_225' title='bbox 165 3561 292 3618; x_wconf 88' lang='lat' dir='ltr'>uictrices</span> <span class='ocrx_word' id='word_1_226' title='bbox 321 3562 443 3618; x_wconf 78' lang='lat' dir='ltr'>Athenas</span> <span class='ocrx_word' id='word_1_227' title='bbox 472 3561 542 3620; x_wconf 88' lang='lat' dir='ltr'>lore.</span> <span class='ocrx_word' id='word_1_228' title='bbox 597 3563 766 3619; x_wconf 82' lang='lat' dir='ltr'>Menoeceus</span> <span class='ocrx_word' id='word_1_229' title='bbox 794 3578 850 3617; x_wconf 93' lang='lat' dir='ltr'>non</span> <span class='ocrx_word' id='word_1_230' title='bbox 877 3560 1111 3636; x_wconf 87' lang='lat' dir='ltr'>praetermittitur,</span> 
     </span>
    </p>
   </div>
   <div class='ocr_carea' id='block_1_5' title="bbox 75 3714 365 3723">
    <p class='ocr_par' dir='ltr' id='par_1_11' title="bbox 75 3714 365 3723">
     <span class='ocr_line' id='line_1_32' title="bbox 75 3714 365 3723; baseline 0.003 -1"><span class='ocrx_word' id='word_1_231' title='bbox 75 3714 328 3723; x_wconf 72' lang='lat'><strong>———.-</strong></span> <span class='ocrx_word' id='word_1_232' title='bbox 334 3717 365 3723; x_wconf 80' lang='lat'>—-</span> 
     </span>
    </p>
   </div>
   <div class='ocr_carea' id='block_1_6' title="bbox 72 3778 1111 4182">
    <p class='ocr_par' dir='ltr' id='par_1_12' title="bbox 72 3778 1111 4182">
     <span class='ocr_line' id='line_1_33' title="bbox 145 3778 1111 3846; baseline 0.005 -19"><span class='ocrx_word' id='word_1_233' title='bbox 145 3778 204 3832; x_wconf 80' lang='lat'>115.</span> <span class='ocrx_word' id='word_1_234' title='bbox 221 3779 374 3844; x_wconf 86' lang='lat' dir='ltr'>Humanae)</span> <span class='ocrx_word' id='word_1_235' title='bbox 391 3783 500 3831; x_wconf 87' lang='lat' dir='ltr'>lrrunann</span> <span class='ocrx_word' id='word_1_236' title='bbox 518 3782 549 3830; x_wconf 88' lang='lat' dir='ltr'>R.</span> <span class='ocrx_word' id='word_1_237' title='bbox 586 3781 673 3841; x_wconf 90' lang='lat' dir='ltr'>omni)</span> <span class='ocrx_word' id='word_1_238' title='bbox 692 3782 821 3831; x_wconf 85' lang='lat' dir='ltr'>ornneslt.</span> <span class='ocrx_word' id='word_1_239' title='bbox 858 3780 1025 3846; x_wconf 81' lang='lat' dir='ltr'>Terinaeum)</span> <span class='ocrx_word' id='word_1_240' title='bbox 1044 3783 1111 3832; x_wconf 86' lang='lat' dir='ltr'>Ter-</span> 
     </span>
     <span class='ocr_line' id='line_1_34' title="bbox 73 3863 1110 3930; baseline 0.003 -15"><span class='ocrx_word' id='word_1_241' title='bbox 73 3876 196 3915; x_wconf 85' lang='lat' dir='ltr'>maneum</span> <span class='ocrx_word' id='word_1_242' title='bbox 213 3864 246 3916; x_wconf 81' lang='lat' dir='ltr'>ll.</span> <span class='ocrx_word' id='word_1_243' title='bbox 281 3863 416 3930; x_wconf 76' lang='lat' dir='ltr'>Elysium)</span> <span class='ocrx_word' id='word_1_244' title='bbox 439 3866 572 3926; x_wconf 77' lang='lat' dir='ltr'>lletysiurn</span> <span class='ocrx_word' id='word_1_245' title='bbox 592 3868 624 3916; x_wconf 82' lang='lat' dir='ltr'>ll.</span> <span class='ocrx_word' id='word_1_246' title='bbox 659 3865 798 3929; x_wconf 85' lang='lat' dir='ltr'>maereret)</span> <span class='ocrx_word' id='word_1_247' title='bbox 821 3870 908 3915; x_wconf 85' lang='lat' dir='ltr'>maeret</span> <span class='ocrx_word' id='word_1_248' title='bbox 932 3867 962 3916; x_wconf 86' lang='lat' dir='ltr'>R.</span> <span class='ocrx_word' id='word_1_249' title='bbox 998 3870 1110 3930; x_wconf 72' lang='lat' dir='ltr'>psycho-</span> 
     </span>
     <span class='ocr_line' id='line_1_35' title="bbox 72 3926 1109 4014; baseline 0.002 -14"><span class='ocrx_word' id='word_1_250' title='bbox 72 3949 216 4013; x_wconf 82' lang='lat' dir='ltr'>mantium)</span> <span class='ocrx_word' id='word_1_251' title='bbox 232 3949 338 3999; x_wconf 84' lang='lat' dir='ltr'>sichem.</span> <span class='ocrx_word' id='word_1_252' title='bbox 350 3952 381 4001; x_wconf 85' lang='lat' dir='ltr'>ll.</span> <span class='ocrx_word' id='word_1_253' title='bbox 418 3951 481 4013; x_wconf 90' lang='lat' dir='ltr'>leto)</span> <span class='ocrx_word' id='word_1_254' title='bbox 501 3952 557 4001; x_wconf 78' lang='lat' dir='ltr'>luto</span> <span class='ocrx_word' id='word_1_255' title='bbox 576 3953 607 4001; x_wconf 87' lang='lat' dir='ltr'>R.</span> <span class='ocrx_word' id='word_1_256' title='bbox 646 3951 703 4000; x_wconf 83' lang='grc'><strong>116.</strong></span> <span class='ocrx_word' id='word_1_257' title='bbox 721 3926 1059 4014; x_wconf 59' lang='grc' dir='ltr'>ΑΙςὶᾰεπιειύΑΙοΙιίόαηιυε</span> <span class='ocrx_word' id='word_1_258' title='bbox 1077 3954 1109 4004; x_wconf 83' lang='lat' dir='ltr'>R.</span> 
     </span>
     <span class='ocr_line' id='line_1_36' title="bbox 73 4032 1109 4105; baseline 0.003 -21"><span class='ocrx_word' id='word_1_259' title='bbox 73 4032 194 4097; x_wconf 80' lang='lat' dir='ltr'>canstat)</span> <span class='ocrx_word' id='word_1_260' title='bbox 215 4039 312 4084; x_wconf 89' lang='lat' dir='ltr'>constet</span> <span class='ocrx_word' id='word_1_261' title='bbox 336 4035 367 4083; x_wconf 83' lang='lat' dir='ltr'>R.</span> <span class='ocrx_word' id='word_1_262' title='bbox 407 4035 546 4101; x_wconf 88' lang='lat' dir='ltr'>orationis)</span> <span class='ocrx_word' id='word_1_263' title='bbox 568 4037 674 4087; x_wconf 89' lang='lat' dir='ltr'>rationis</span> <span class='ocrx_word' id='word_1_264' title='bbox 697 4037 728 4088; x_wconf 84' lang='lat' dir='ltr'>R.</span> <span class='ocrx_word' id='word_1_265' title='bbox 763 4034 920 4105; x_wconf 85' lang='lat' dir='ltr'>Erechtheo)</span> <span class='ocrx_word' id='word_1_266' title='bbox 945 4038 1058 4090; x_wconf 82' lang='lat' dir='ltr'>Ericthco</span> <span class='ocrx_word' id='word_1_267' title='bbox 1077 4038 1109 4089; x_wconf 77' lang='lat' dir='ltr'>lt.</span> 
     </span>
     <span class='ocr_line' id='line_1_37' title="bbox 72 4115 355 4182; baseline 0 -13"><span class='ocrx_word' id='word_1_268' title='bbox 72 4115 197 4182; x_wconf 82' lang='lat' dir='ltr'>cupidae)</span> <span class='ocrx_word' id='word_1_269' title='bbox 213 4118 305 4180; x_wconf 85' lang='lat' dir='ltr'>cupide</span> <span class='ocrx_word' id='word_1_270' title='bbox 323 4119 355 4169; x_wconf 90' lang='lat'>0.</span> 
     </span>
    </p>
   </div>
   <div class='ocr_carea' id='block_1_7' title="bbox 0 0 1310 4634">
    <p class='ocr_par' dir='ltr' id='par_1_13' title="bbox 0 0 1310 4634">
     <span class='ocr_line' id='line_1_38' title="bbox 0 0 1310 4634; baseline 0 0"><span class='ocrx_word' id='word_1_271' title='bbox 0 0 1310 4634; x_wconf 95' lang='lat' dir='ltr'> </span> 
     </span>
    </p>
   </div>
  </div>
 </body>
</html>
