2610 4634
609 239 698 285 xvm

214 389 238 501 ζ
259 418 303 485 76
323 442 341 485 e
362 425 497 502 uestigiis
517 422 555 485 ll.
577 423 709 485 correx‘i:
728 421 790 482 ulto
810 424 923 484 ratione
943 435 976 486 ut
995 448 1074 489 mors
1095 393 1169 495 cett.
1200 394 1202 399 ³

215 536 300 619 378.
324 543 423 619 Quum
445 542 551 602 idcirco
572 559 631 600 non
652 540 725 600 dant
743 541 817 601 nihil
833 546 923 622 esset,
939 562 976 604 ex
992 549 1167 609 coniectura

130 664 196 724 sin'e
218 662 307 722 dubio
328 664 492 740 posuerunt
511 660 542 719 id
563 667 635 720 certe
647 678 707 718 aon
723 659 804 739 dont,
817 661 896 738 quod
912 680 964 722 nec
976 665 1165 740 aptissimum

130 785 253 842 estnec
274 779 310 840 acl
327 779 505 857 scripturam
523 778 657 839 codicum
676 796 769 857 prope
790 780 916 840 accedit.
948 778 1162 841 Coniunctiuus
1186 789 1187 792 ’

129 903 227 959 antem
238 895 383 975 postulari
400 896 520 959 uidetur
531 901 651 975 propter
663 898 781 958 initium
794 897 1079 975 comprehensionis:
1103 900 1165 977 qui,

129 1016 317 1095 quod—eat,
339 1016 447 1095 suscipi
453 1024 530 1088 ant3
552 1016 625 1075 illud
644 1024 750 1089 ouum,
773 1004 1091 1095 quod-consequens,
1106 1057 1168 1094 ....,

130 1152 222 1213 quare
233 1132 404 1211 Maduigius
415 1135 583 1212 suspicatus
596 1139 642 1202 cst
653 1135 760 1196 leuiter
769 1138 884 1194 mutato
896 1136 999 1194 ordine
1010 1133 1170 1211 legendum

129 1266 211 1314 esse:
233 1251 307 1312 illud
327 1260 430 1334 autem,
454 1254 593 1332 quod-
614 1272 794 1332 consequens,
816 1271 876 1312 noo
896 1253 1078 1314 concedant.

215 1364 302 1444 §82
329 1370 507 1432 Lambinum
520 1399 523 1404 ·
536 1377 657 1434 secutus
679 1372 814 1450 quonium
834 1371 911 1432 male
933 1373 1091 1457 repetitum
1113 1389 1173 1430 un-

131 1490 175 1550 cis
198 1490 315 1556 inclusi.
361 1489 434 1572 Cin,
456 1509 533 1570 quae
554 1511 584 1570 p.
605 1490 651 1552 Xl
671 1491 834 1551 attulimus.

169 1650 172 1654 ι
217 1609 240 1680 6
268 1602 312 1670 87
343 1609 447 1670 Dauisi
483 1610 682 1670 coniecturam
713 1608 763 1666 diu
791 1607 970 1682 neglectam:
1008 1625 1077 1665 oum
1104 1616 1175 1667 aut

43 1734 45 1741 '
133 1727 186 1799 (u.
209 1726 322 1800 auto)
344 1727 626 1786 cornibus-caranus
648 1722 841 1802 uutpiaaic?
873 1721 1014 1801 Ecquis
1043 1724 1106 1800 (R.
1134 1725 1174 1785 sit

132 1843 199 1920 qm]
219 1843 251 1901 id
271 1843 403 1902 dicerit?
428 1841 580 1919 Maduigio
602 1846 723 1902 auctore
744 1812 874 1902 restitui.
921 1839 969 1901 Sit
990 1842 1040 1920 qui
1064 1861 1101 1902 ex
1123 1843 1173 1903 nl·

132 1961 204 2020 tima
224 1961 323 2020 littora
348 1959 498 2038 uocabuli,
514 1978 544 2038 q.
556 1978 584 2020 e.
604 1960 716 2039 pionis,
739 1975 806 2020 cum
828 1961 924 2038 ecquis
946 1960 1073 2022 conilata
1094 1962 1170 2022 oriri

74 2077 77 2080 ’
132 2079 265 2156 potuisse
286 2077 372 2139 facile
393 2078 578 2156 intelligitur.
782 2146 783 2149 Ἴ

217 2189 312 2273 988.
339 2193 462 2271 [Moto]
488 2212 586 2255 carcre
606 2195 638 2254 ia
657 2203 748 2254 morte
768 2214 828 2255 oon
849 2196 966 2258 dieitur.
1010 2197 1075 2259 Hoc
1096 2216 1172 2277 sup·
1208 2249 1213 2262 .

78 2339 81 2343 ⁴
131 2315 283 2394 plemento
305 2313 416 2393 (mato)
445 2312 482 2373 de
503 2312 635 2392 Maduigi
658 2316 829 2375 coniectura
857 2315 958 2376 addito
985 2318 1172 2377 concinnitas

132 2437 165 2493 et
185 2433 353 2514 sententiae
374 2435 405 2492 et
424 2433 639 2494 enuntiationis
660 2431 799 2515 efficitur,
810 2435 972 2513 respondet
993 2436 1072 2494 enim
1092 2437 1171 2494 moto

135 2569 232 2610 carere
254 2551 323 2628 illis,
337 2567 423 2630 ‘quae
444 2556 622 2632 sequuntur,
645 2553 718 2612 bono
741 2570 846 2613 carcre.
884 2552 966 2614 Haec
987 2557 1087 2613 autem
1101 2571 1171 2614 sen·
1245 2580 1247 2593 =

134 2672 228 2732 tentia
239 2675 300 2755 est:
324 2667 473 2750 „Carendi
492 2672 617 2732 uerbum
639 2689 697 2730 non
721 2689 756 2731 ea
776 2671 993 2748 significatione
1009 2677 1173 2750 usurpatur

134 2789 172 2848 de
193 2793 300 2868 morte,
323 2792 357 2849 ut
377 2789 563 2866 intelligatur
585 2808 664 2850 mors
685 2789 894 2868 essebonum,
918 2791 1071 2850 tumenim
1084 2808 1171 2849 nemo

134 2908 309 2984 cuiusquam
332 2912 427 2967 morte
449 2896 579 2986 doleret3
602 2908 654 2967 sed
676 2909 791 2986 contra,
813 2910 847 2965 ut
869 2908 909 2966 sit
929 2908 1051 2987 malum,
1070 2899 1191 2987 itaque'

135 3027 188 3103 qui
210 3027 347 3104 moritur,
369 3026 446 3086 bono
468 3030 564 3115 carot,
588 3043 644 3103 non
667 3025 755 3087 malo.
810 3023 869 3085 Sed
896 3026 954 3111 hoe
980 3026 1086 3087 ialsum
1115 3031 1172 3104 est,

33 3163 35 3166 ·
135 3162 204 3204 nam
226 3161 263 3203 ne
285 3145 375 3205 uiuus
397 3145 517 3223 quidem
538 3145 616 3204 bono
639 3147 735 3222 caret,
757 3143 784 3203 si
806 3161 842 3204 eo
864 3163 921 3205 non
945 3146 1085 3223 indiget.”

216 3255 313 3338 389.
342 3260 467 3337 Litana,
495 3280 571 3341 quae
593 3265 639 3322 est
660 3262 779 3340 egregia
800 3257 902 3324 Monk'i
923 3268 954 3324 et
975 3263 1171 3324 Lindemanni

136 3383 304 3442 coniectura
323 3381 362 3441 ab
377 3380 421 3444 n.
449 3380 566 3442 firmata
584 3378 750 3461 (Latmo),
771 3400 841 3442 cunr
861 3380 978 3442 Klotzio
1001 3387 1031 3442 ct
1051 3381 1172 3444 Mosero

50 3561 60 3578 .
137 3501 247 3580 recepi.

221 3619 243 3692 §
264 3614 318 3681 94.
346 3619 389 3680 ito
409 3626 470 3678 aut
497 3618 583 3696 longa
608 3628 661 3677 aut
686 3619 785 3678 breuia
806 3619 940 3678 dicuntur
967 3619 1065 3697 (cuitu
1087 3618 1173 3696 longa

76 3797 79 3800 ,
135 3731 247 3796 liabent
257 3736 307 3815 in,
320 3734 446 3816 Gryph.,
456 3736 558 3818 Rern,
570 3735 646 3798 Gud.
658 3735 683 3814 1,
701 3737 767 3808 elii)
782 3723 859 3798 'curn
869 3737 988 3798 Mosero
1004 3738 1172 3815 scripsi.—
1194 3718 1199 3722 ’

136 3849 244 3930 §104
276 3854 326 3932 qut
355 3855 387 3914 id
419 3855 528 3935 potoris
559 3855 632 3938 (lt,
665 3853 740 3916 Gud.
774 3853 804 3936 1,
839 3855 993 3935 aliixqotd
1018 3854 1172 3937 poteris),

42 3984 45 4008 ¹
137 3973 160 4048 ς
182 3966 246 4033 113
264 3971 296 4032 ot
315 3972 350 4032 iis
368 3973 485 4052 praemi
505 3973 571 4054 (n,
593 3975 643 4035 alii
663 3975 720 4038 illic
736 3972 879 4053 praeno),
901 3968 999 4046 §116
1020 3975 1072 4054 qui
1095 3975 1172 4049 item,

138 4109 215 4169 quac
248 4095 294 4153 est
309 4090 431 4154 xDauisi
464 4092 635 4156 coniectura
668 4092 741 4173 (n,
776 4083 853 4154 Gud!
880 4090 921 4174 1.,
948 4091 999 4152 alii
1032 4072 1198 4173 quidem]
