2610 4634
135 244 200 313 m
351 249 961 309 ruscunsu.nrsturarrou'urr

133 445 284 523 muniam
301 463 403 520 magno
414 463 501 522 opere
521 447 661 507 desideret
679 449 728 507 uel
748 448 843 523 potius
865 466 917 507 cur
937 455 1020 508 curet
1038 445 1169 510 omnino?

134 551 186 617 90.
208 556 254 613 Au
266 554 382 629 Scythes
402 555 570 612 Anacharsis
591 554 680 628 putuit
700 570 752 627 pro
774 556 863 615 nihilo
884 558 1035 629 pecuniam
1056 558 1168 631 ducere3

134 667 270 719 nostrates
291 661 453 734 philosophi
475 661 566 718 tacere
587 679 644 718 non
664 659 815 734 potertmt?
841 664 924 720 Illius
945 665 1068 736 epistola
1090 664 1170 722 fertur

134 767 179 825 his
206 767 316 825 uerbis:
349 767 538 842 „Anacharsis
565 768 698 824 Hannoni
719 769 847 828 salutem.
902 769 977 828 Mihi
998 770 1111 828 amimui
1132 776 1171 828 est

134 873 293 948 Scythicum
314 873 446 947 tegimen,
468 873 676 931 calciamentum
698 875 823 932 solorum
839 877 951 950 callum,
974 876 1071 933 cubile
1091 882 1168 950 terra,

133 981 343 1053 pulpamentum
364 979 468 1055 lames;
496 981 577 1053 lacte,
599 997 692 1054 caseo,
714 997 797 1037 carne
818 997 928 1039 uescor.
971 983 1070 1051 Quare
1090 989 1121 1040 ut
1137 985 1168 1041 ad

134 1085 260 1158 quietum
279 1103 326 1142 me
347 1085 412 1142 licet
431 1084 545 1161 uenias3
567 1102 683 1142 munera
705 1091 797 1143 autem
818 1087 887 1162 ista,
914 1087 1022 1161 quibus
1043 1107 1075 1147 es
1097 1091 1169 1146 dele·

132 1197 230 1264 status,
251 1192 298 1247 uel
326 1191 435 1248 ciuibus
463 1193 518 1248 tuis
544 1195 592 1250 uel
620 1193 664 1249 dis
684 1192 888 1251 immortalibus
910 1193 1015 1252 dona.”
1071 1196 1169 1255 Omnes

131 1297 190 1354 iere
211 1297 373 1371 philosophi
394 1300 520 1356 omnium
541 1299 761 1372 disciplinarum,
782 1300 837 1356 nisi
858 1316 965 1374 quosa
982 1308 1060 1359 recta
1069 1305 1170 1360 ratione

132 1410 230 1462 natura
256 1404 358 1473 uitiosa
384 1405 563 1477 detorsisset,
597 1405 699 1462 eodem
726 1407 781 1463 boe
806 1406 900 1464 mimo
922 1423 988 1465 esse
1013 1414 1169 1481 potuemut

131 1509 182 1571 tlt.
206 1513 349 1586 Socrates,
375 1511 404 1568 in
425 1528 526 1584 pompa
549 1529 635 1584 quum
656 1528 757 1583 magna
778 1512 822 1570 uis
844 1514 905 1570 auri
927 1517 1093 1590 argentique
1115 1517 1169 1574 fer·

131 1624 224 1674 retur:
257 1620 347 1687 Quam
368 1620 454 1675 multa
475 1635 532 1675 non
554 1618 700 1675 desideret
729 1619 827 1692 inquit
871 1620 1063 1695 Xenocrates,
1087 1639 1170 1696 quum

131 1724 215 1796 legati
242 1725 277 1780 ab
303 1724 462 1781 Alexandro
489 1723 689 1798 quinquaginta
716 1725 741 1783 ei
771 1727 872 1784 talenta
899 1726 1073 1802 attulissent,
1101 1746 1170 1802 quae

131 1837 190 1886 erat
209 1829 327 1902 pecunia
347 1829 519 1902 temporibus
540 1831 607 1904 illis,
633 1832 750 1889 Athenis
771 1833 946 1906 pracsertim,
969 1834 1100 1909 maxima,
1122 1837 1169 1892 ab·

130 1934 211 1992 duxit
229 1936 336 2006 legatos
362 1937 398 1992 ad
424 1952 539 1992 menam
566 1939 596 1992 iu
623 1938 815 2012 Academiam3
837 1939 872 1995 iis
902 1939 1034 2011 apposadt
1054 1946 1167 2013 tantum,

130 2041 207 2115 quod
228 2039 294 2098 satis
315 2048 399 2115 esset,
420 2042 499 2098 nullo
520 2048 663 2115 apparatu.
695 2046 789 2114 Quum
800 2044 935 2117 postridie
947 2053 1080 2117 mgarent
1097 2064 1169 2120 eum,

130 2147 176 2205 eui
196 2148 337 2206 rmmemri
357 2145 480 2206 iuberet:
502 2147 599 2218 Quint
620 2167 674 2208 uos
694 2151 834 2226 hestema,
856 2150 957 2227 inquit,
979 2154 1100 2211 menula
1114 2171 1169 2211 non

129 2253 306 2312 intellexistis
334 2272 379 2312 me
405 2256 522 2329 pecunia
543 2272 600 2314 non
622 2255 729 2330 egere?
757 2259 834 2327 Quos
856 2274 944 2331 quum
965 2257 1104 2317 tristiores
1126 2260 1168 2318 ui·

130 2361 227 2434 disset,
248 2361 360 2433 triginta
379 2363 469 2420 minas
491 2363 613 2438 accepit,
640 2381 677 2421 ne
703 2363 845 2436 aspernari
872 2364 948 2436 regis
973 2365 1168 2424 liberalitatem

130 2467 279 2525 uideretur.
322 2465 374 2533 92.
394 2470 432 2527 At
451 2485 520 2527 uero
541 2470 683 2541 Diogenes
704 2470 832 2543 liberius,
853 2477 885 2528 ut
900 2471 1034 2547 Cynicus,
1046 2468 1169 2530 Alexan*

130 2573 182 2631 dso
203 2575 321 2647 roganti,
343 2581 374 2633 ut
394 2576 508 2651 diceret,
530 2576 554 2633 sl
576 2575 645 2649 quid
665 2594 736 2650 opus
758 2582 846 2634 essct:
869 2577 950 2633 Nunc
962 2576 1077 2650 quidem
1088 2580 1169 2651 paul·

130 2682 235 2756 lulum,
262 2681 369 2756 inquit,
402 2700 419 2740 a
445 2685 520 2758 sole3
554 2683 684 2741 olfecerat
710 2683 841 2742 uidelicet
866 2682 1009 2757 apricauti.
1064 2684 1103 2742 Et
1123 2684 1169 2742 bic

130 2787 243 2861 quidem
264 2788 405 2862 disputare
426 2791 544 2865 solebat,
567 2796 670 2864 quatuo
691 2807 786 2862 regem
796 2791 945 2846 Persarum
966 2790 1023 2846 uita
1041 2790 1168 2849 fortuna·

130 2910 186 2966 que
208 2903 366 2968 superaret3
390 2895 443 2952 sibi
464 2897 534 2954 nihil
556 2898 671 2970 deesse,
699 2896 741 2954 illi
763 2896 831 2953 nibil
854 2895 919 2953 satis
941 2912 1066 2968 uuquam
1088 2896 1167 2971 lore3

131 3014 162 3055 se
184 2999 243 3056 eius
266 3002 421 3072 uoluptates
444 3018 500 3057 uon
522 3002 691 3075 desiderare,
713 3000 815 3074 quibus
837 3011 980 3074 nunquam
1001 3002 1096 3061 satiari
1118 3003 1166 3062 ille

130 3110 234 3178 posset,
258 3120 321 3161 suas
344 3120 408 3161 eum
429 3107 564 3180 consequi
585 3106 662 3163 nullo
684 3108 769 3164 niodo
791 3124 885 3179 posse.

213 3208 415 3271 xxxtu.93.
428 3213 523 3298 llides,
536 3213 630 3285 credo,
651 3218 682 3269 ut
702 3213 840 3284 Epicurus
861 3215 1043 3286 cupiditatum
1064 3233 1167 3288 genera

130 3317 257 3376 diuiserit
282 3335 344 3377 non·
366 3318 448 3376 nimia
476 3319 593 3378 tortasse
620 3317 771 3393 subtiliter,
801 3319 905 3376 utiliter
928 3327 1038 3394 tamen;
1066 3322 1167 3394 partim

130 3442 193 3484 esse
213 3421 352 3484 naturales
373 3432 402 3484 et
421 3428 610 3499 necessarias,
638 3424 739 3497 partim
766 3426 905 3482 naturales
933 3432 962 3484 ct
986 3443 1044 3483 non
1066 3444 1167 3484 neces·

130 3533 227 3605 sarias,
248 3533 349 3606 partim
370 3540 516 3610 neutrum3
537 3530 707 3590 necessarias
728 3528 820 3586 satiari
842 3547 926 3602 posse
948 3548 1037 3603 paene
1058 3533 1165 3604 nihilo,

130 3638 240 3696 diuitias
262 3639 336 3697 euim
357 3645 469 3696 naturae
498 3656 560 3697 esse
587 3634 744 3710 parabiles;
772 3637 927 3694 secuudum
954 3644 1048 3696 aubm
1076 3654 1165 3711 genus

1052 3820 1070 3859 ο

197 3916 242 3954 eur
258 3905 339 3968 curet)
356 3911 467 3957 curreret
473 3905 503 3955 Ρ.
528 3903 571 3955 90.
590 3897 716 3965 potemut)
728 3902 864 3961 potuerunt
880 3900 935 3952 uu.
956 3879 1166 3964 pulpamentum)

129 3989 320 4057 palpamentum
337 3990 391 4040 ltu.
416 3989 459 4041 91.
476 3987 649 4047 intellexistis)
664 3981 812 4034 intellexisti
827 3981 888 4036 tte..
916 3983 1007 4050 Quos)
1024 3988 1095 4048 quod
1112 3986 1167 4036 ΒΡ.

129 4075 171 4130 92.
189 4071 333 4143 ttsputare)
348 4073 473 4135 disputari
488 4072 542 4123 llll.
575 4069 619 4121 tlt.
635 4066 729 4132 pvtllt
743 4063 1058 4134 Meo-euenum)
1073 4070 1166 4122 acer.
