2610 4634
436 290 513 334 crs.
536 280 584 334 lv.
629 292 710 335 car.
736 276 869 338 tt-ts
1108 278 1168 340 125

128 479 208 539 aliud
230 480 342 549 naum,
362 486 395 537 nt
415 478 507 537 diflert
527 479 650 537 anxietas
672 481 707 537 ab
729 497 849 552 angore;
872 498 963 555 neque
982 483 1170 541 enimomnes

130 588 226 660 anxii,
259 587 307 661 qni
328 593 469 659 anguntur
494 587 662 659 aliquando,
695 605 747 644 nec
778 588 825 660 qui
859 589 949 661 anxii,
983 607 1095 662 semper
1120 609 1170 648 an-

128 702 252 768 guntur3
268 700 299 752 ut
319 694 393 750 inter
413 694 573 753 ebrietatem
594 700 622 749 ct
644 694 830 751 ebriositatem
846 696 970 767 interest,
987 697 1118 770 aliudque
1130 704 1172 754 est

130 809 285 860 amatorem
306 818 386 872 esse,
414 799 492 858 aliud
513 806 659 858 amantem.
702 802 794 884 Atque
816 802 884 858 hacc
905 803 1022 860 aliorum
1043 805 1079 860 ad
1101 805 1171 861 alios

130 910 249 966 :orbos
271 908 432 981 procliuitas
459 910 512 965 late
540 912 630 979 patct;
659 925 723 964 narn
745 910 865 980 pertinet·
885 911 920 966 ad
943 927 1039 967 omncs
1061 918 1171 983 pertur-

131 1017 272 1073 bationes.
314 1012 366 1073 28.
394 1015 428 1070 lu
450 1013 543 1070 multis
565 1015 648 1071 ctiam
669 1016 745 1071 uitiis
766 1023 896 1088 apparet3
925 1018 974 1073 sed
1003 1034 1103 1074 nomeu
1126 1020 1171 1075 re's

129 1140 189 1179 uon
210 1122 304 1179 habet.
356 1121 436 1193 Ergo
464 1127 493 1177 et
519 1120 608 1178 inuidi
635 1129 662 1178 et
683 1122 813 1180 malenoli
837 1130 864 1179 ct
884 1123 964 1180 liuidi
986 1130 1014 1180 et
1035 1124 1122 1180 timidi
1145 1129 1173 1180 et

129 1226 346 1297 misericordes,
378 1227 442 1300 quia
470 1229 611 1299 procliues
633 1230 667 1286 ad
689 1247 735 1286 cas
758 1232 996 1304 perturbationes,
1029 1232 1173 1304 nunquia

129 1352 247 1407 semper
273 1335 410 1391 teruntur.
464 1334 543 1391 Haec
570 1335 654 1407 igitur
683 1335 841 1408 procliuitas
869 1338 903 1394 ad
931 1355 1012 1394 suum
1040 1340 1173 1412 qnodque

130 1458 225 1514 geum
246 1460 263 1499 a
284 1440 466 1499 similitudine
487 1443 613 1513 corporis
636 1442 787 1514 aegrotatio
809 1444 924 1517 dicatur,
947 1445 1015 1500 dum
1036 1461 1069 1501 ea
1089 1444 1172 1502 intel-

133 1549 239 1620 ligatur
259 1550 294 1606 ad
316 1549 516 1620 aegrotandum
539 1549 708 1620 procliuitas.
754 1550 810 1606 Sed
832 1549 900 1605 haec
921 1550 951 1606 in
973 1550 1055 1606 bonis
1077 1552 1172 1624 rebus,

131 1656 213 1729 quod
234 1652 281 1712 alii
302 1657 337 1711 ad
358 1655 412 1712 alia
433 1657 506 1712 bona
534 1662 599 1711 sunt
626 1657 763 1728 aptiores,
792 1655 908 1713 facilitas
937 1658 1112 1732 nominetur3
1144 1658 1173 1716 in

132 1762 216 1821 malis
238 1761 408 1835 proclinitas,
430 1769 461 1819 nt
483 1761 619 1834 significet
635 1762 805 1836 lapsionem3
828 1763 857 1819 in
879 1763 983 1820 neutris
1004 1765 1104 1823 lrabeat
1126 1783 1173 1822 su·

109 1936 112 1942 ,
133 1869 230 1944 perins
251 1886 364 1926 nomen.

221 1973 302 2034 Xlll.
346 1977 516 2045 Quomodo
538 1982 630 2033 autem
651 1975 681 2033 in
703 1994 821 2050 corpore
844 1984 886 2035 est
907 1979 1040 2052 morbus,
1063 1986 1105 2037 cst
1126 1998 1173 2038 ae·

133 2083 271 2156 grotatio,
294 2091 336 2170 est
357 2082 471 2154 uitium,
505 2082 596 2139 sicin
617 2085 719 2140 animo.
762 2085 893 2142 Morbum
921 2087 1063 2157 appellant
1090 2087 1174 2143 totius

134 2189 262 2262 corporis
274 2190 496 2262 corruptionem
519 2191 734 2260 aegrotationem
750 2192 879 2246 morbum
891 2208 953 2246 cum
970 2191 1174 2263 imbecillitate,

131 2293 187 2359 29.
220 2295 336 2367 uitium,
364 2313 450 2369 quum
478 2302 568 2367 partes
591 2296 715 2368 corporis
738 2298 810 2352 inter
831 2314 861 2354 se
883 2298 1032 2370 dissident,
1061 2315 1095 2355 ex
1117 2316 1174 2373 quo

134 2402 258 2477 prauitas
280 2404 485 2474 membrorum,
514 2403 658 2478 distortio,
687 2403 858 2461 deformitas.
912 2406 1009 2477 ltaque
1035 2404 1085 2463 illa
1107 2406 1174 2480 diro,

134 2511 254 2567 morbus
275 2517 303 2567 et
323 2510 484 2581 aegrotatio,
507 2527 542 2566 ex
564 2510 646 2567 totius
668 2511 835 2567 ualetudinis
857 2513 983 2584 corporis
1005 2528 1175 2585 conquassa-

135 2618 213 2674 tione
236 2623 264 2673 et
284 2616 490 2688 perturbatione
513 2616 676 2689 gignuntur,
708 2617 806 2673 uitium
828 2625 919 2674 autem
939 2617 1046 2690 integra
1067 2620 1174 2675 ualetu-

136 2725 203 2782 dine
225 2723 317 2796 ipsum
339 2742 374 2780 ex
396 2741 426 2779 sc
453 2722 583 2781 cernitur.
628 2725 684 2781 Sed
711 2723 739 2779 in
765 2725 857 2781 animo
886 2725 1074 2782 tantummodo
1096 2726 1175 2797 cogi·

136 2830 241 2889 talione
262 2846 410 2903 possumus
433 2831 561 2887 morbum
583 2831 618 2887 ab
640 2832 827 2902 aegrotatione
845 2832 1000 2903 seiungere.
1034 2832 1175 2891 Uitiositas

136 2944 230 2994 autem
252 2943 294 2993 cst
313 2937 423 2994 habitus
445 2944 492 2994 aut
519 2937 627 2994 affectio
656 2936 685 2993 in
713 2945 768 2996 tota
793 2938 849 2996 uita
877 2939 1036 2997 inconstans
1059 2946 1087 2997 et
1107 2958 1122 2998 a
1145 2957 1176 2997 se

136 3044 199 3116 ipsa
227 3043 402 3101 dissentiens.
456 3047 496 3103 Ita
522 3046 568 3118 tit,
595 3051 625 3101 ut
650 3045 679 3101 in
706 3047 790 3103 altera
812 3047 990 3120 corruptione
1013 3048 1177 3119 opinionum

135 3152 254 3210 morbus
275 3151 412 3221 elliciatur
432 3158 460 3209 et
480 3151 647 3224 aegrotatio,
676 3152 705 3208 in
727 3155 812 3211 altera
833 3154 1016 3211 inconstantia
1038 3162 1065 3211 et
1092 3172 1176 3227 repn-

136 3259 258 3332 gnantia.
312 3246 378 3315 Non
399 3258 474 3314 enim
496 3275 578 3315 omne
599 3259 697 3315 uitium
724 3277 805 3331 pares
826 3261 911 3317 habet
931 3254 957 3332 †
979 3260 1176 3334 dissentientis,

136 3373 305 3438 uteorum,
334 3366 382 3439 qui
411 3383 467 3422 non
490 3368 575 3435 longe
596 3382 611 3420 a
634 3365 766 3438 sapientia
789 3368 904 3440 absunt,
934 3366 1042 3423 allectio
1065 3373 1107 3423 est
1128 3366 1176 3423 illa

128 3469 253 3549 'quidem
275 3473 435 3545 discrepans
455 3472 509 3530 sibi
530 3472 601 3546 ipsa,
625 3472 692 3528 dum
713 3478 756 3529 cst
769 3472 915 3547 insipiens,
934 3472 1050 3529 sednon
1062 3473 1176 3529 distorta

205 3719 254 3757 nec
271 3706 330 3771 qui)
355 3705 469 3768 hecout
491 3705 523 3754 n.
566 3717 614 3755 uec
637 3705 680 3766 qui
706 3730 743 3742 -
767 3703 814 3770 ut)
841 3719 891 3754 om.
915 3704 981 3755 Noa.
1000 3719 1029 3768 p.
1053 3703 1122 3754 444.
1152 3712 1177 3756 et

138 3790 333 3857 ebriositatem)
355 3791 399 3841 Sic
424 3791 491 3841 Non.
516 3791 532 3843 t.
558 3791 574 3843 t.
608 3803 658 3838 om.
676 3790 729 3840 BP.
773 3789 913 3853 aliudque)
941 3791 1010 3840 aliud
1036 3789 1104 3840 Non.
1123 3792 1140 3839 l.
1159 3792 1176 3841 l.

137 3876 307 3939 procliuitas)
331 3876 439 3938 procliui
456 3876 486 3926 P.
520 3875 563 3925 23.
581 3874 721 3939 malcuoli)
738 3875 854 3925 maliuoli
871 3875 924 3928 ΒΡ.
960 3887 975 3924 a
992 3875 1178 3941 similitudine)

138 3962 170 4012 ad
188 3963 247 4013 sim.
265 3962 295 4011 P.
330 3960 442 4025 dicatur)
459 3961 552 4011 dicitur
568 3960 621 4013 nr.
658 3966 697 4010 est
713 3958 821 4024 uitium)
838 3965 863 4010 et
880 3960 971 4008 uitium
979 3959 1033 4012 ΒΡ.
1069 3959 1111 4010 29.
1129 3973 1178 4022 pa-

138 4057 181 4095 res
197 4045 275 4096 nabet
291 4042 310 4108 †
327 4044 522 4109 dissentientis)
539 4045 617 4108 partis
634 4044 709 4094 trahet
725 4044 901 4095 dissentientis
916 4044 970 4094 Rl'.
998 4050 1083 4108 partes
1104 4044 1179 4095 babet

139 4130 321 4182 dissentientes
337 4129 370 4181 0.
1162 4144 1165 4153 ·
