2610 4634
389 273 512 332 arnt
555 285 642 332 cun.
671 271 810 333 22—23.
1077 272 1118 335 21

83 474 198 551 quidem
225 481 255 533 ct
280 474 475 549 Aristoxenus,
507 475 574 549 quia
603 475 728 535 difficilis
760 482 820 534 erat
850 475 950 551 animi,
979 477 1046 550 quid
1073 484 1120 535 aut

83 584 175 658 qualis
192 590 276 657 esset,
290 582 481 657 intelligentia,
498 584 607 640 nullum
622 583 735 641 omnino
752 585 876 641 animum
898 600 960 641 esse
981 583 1118 641 dixerunt

82 688 196 751 toust
216 690 286 748 illud
307 689 421 763 quidem
439 692 487 747 uel
504 691 665 765 maximum,
684 691 776 748 animo
793 691 855 764 ipso
873 693 994 748 animum
1012 682 1118 763 uider‘e,

82 805 112 857 ct
133 797 262 855 nimirum
283 797 354 854 hanc
377 797 459 855 habet
480 798 538 855 uini
559 804 735 871 praeceptum
758 798 906 872 Apollinis,
935 815 991 872 quo
1013 805 1118 869 monet,

81 913 114 964 ut
134 923 165 963 se
186 905 306 978 quisque
327 911 431 962 noscat.
463 907 527 962 Non
545 905 630 980 enim,
648 907 744 980 credo,
761 906 790 962 id
812 888 955 982 praecipit,
978 912 1008 963 ut
1028 923 1118 963 mem·

81 1014 134 1070 bra
155 1019 250 1070 nostra
270 1018 317 1070 aut
337 1018 467 1070 staturam
490 1013 642 1085 liguramue
664 1029 828 1087 noscamus3
857 1031 949 1087 neque
976 1030 1028 1071 nos
1055 1030 1118 1070 cor·

82 1138 153 1195 pora
174 1137 288 1192 sumus·
302 1137 355 1176 nec
376 1137 429 1191 ego
452 1119 504 1177 tibi
526 1121 594 1177 haec
615 1121 712 1177 dicens
731 1120 842 1194 corpori
860 1128 908 1178 tuo
921 1123 993 1179 dico.
1025 1122 1120 1189 Quum

82 1228 168 1300 igitur
188 1246 269 1285 rroacc
291 1235 315 1286 tc
336 1228 412 1301 dicit,
434 1229 489 1286 hoc
509 1228 585 1298 dicit,
607 1246 689 1286 aoscc
711 1231 833 1285 animum
855 1236 950 1299 tuorn3
970 1245 1034 1284 nam
1056 1245 1118 1285 cor-

82 1352 136 1410 pus
158 1336 271 1409 quidem
292 1336 372 1410 quasi
393 1353 443 1393 uas
465 1342 507 1392 est
528 1342 575 1392 aut
595 1335 708 1410 aliquod
730 1336 814 1392 animi
836 1337 1055 1409 receptaculum
1084 1336 1119 1393 ab

83 1443 176 1501 auimo
197 1450 245 1501 tuo
267 1443 402 1518 quicquid
423 1443 524 1518 agitur,
547 1444 576 1499 id
597 1428 688 1515 agitur
709 1461 725 1502 a
746 1449 781 1500 tc.
825 1442 908 1500 Hunc
929 1443 1014 1514 igitur
1035 1460 1119 1501 nosse

84 1550 139 1608 nisi
168 1551 294 1608 diuinum
321 1557 409 1624 esset,
443 1568 499 1607 non
532 1556 606 1608 esset
633 1550 687 1606 hoc
716 1550 830 1607 acrioris
860 1549 1003 1607 cuiusdam
1034 1551 1120 1607 animi

84 1655 434 1738 praeceptum†tributum
451 1676 467 1716 a
482 1659 536 1714 deo
548 1658 584 1714 sit
600 1656 663 1731 hoc,
683 1674 712 1713 sc
728 1657 820 1729 ipsum
836 1673 920 1730 posse
942 1673 1120 1728 cognoscere.

168 1762 219 1824 53.
242 1766 299 1823 Sed
320 1766 360 1839 si,
383 1767 473 1839 qualis
495 1764 531 1822 sil
551 1765 675 1839 animus,
698 1765 758 1837 ipse
780 1764 887 1821 animus
915 1764 1036 1838 nesciet,
1059 1764 1120 1836 dic,

84 1889 205 1946 quaeso,
227 1891 263 1930 ne
284 1889 347 1930 csse
368 1873 483 1946 quidem
505 1889 535 1930 se
558 1871 647 1930 sciet?
674 1890 710 1930 ne
732 1873 840 1930 moueri
862 1874 975 1946 quidem
998 1869 1050 1929 se?
1077 1873 1122 1929 Ex

84 1997 142 2054 quo
162 1980 211 2038 illa
231 1980 301 2038 ratio
323 1987 385 2038 nata
407 1987 449 2037 est
470 1981 605 2055 Platonis,
628 1998 700 2054 quae
720 1997 737 2037 a
755 1981 872 2037 Socrate
891 1986 932 2037 est
953 1980 981 2038 in
993 1980 1119 2036 Phaedro

84 2088 229 2171 explicata,
251 2107 268 2145 a
289 2105 334 2145 me
356 2093 447 2146 autem
470 2087 560 2160 posita
582 2094 624 2145 cst
643 2090 673 2145 in
695 2094 773 2145 serto
795 2087 867 2144 libro
889 2087 925 2144 de
946 2088 1120 2160 republica:

83 2196 195 2253 XXlll.
230 2195 328 2270 „Quod
357 2211 468 2268 semper
489 2202 635 2270 mouetur,
664 2201 805 2254 aeternum
836 2200 893 2267 est3
926 2194 1002 2267 quod
1030 2200 1121 2251 autem

84 2309 190 2359 motum
212 2302 292 2360 affert
312 2302 412 2376 alicui,
434 2303 566 2376 quodque
588 2303 680 2375 ipsum
702 2303 819 2375 agitatur
842 2301 986 2377 alicunde,
1009 2301 1121 2374 quando

83 2411 169 2467 tinem
189 2411 274 2467 habet
293 2417 407 2484 motus,
429 2410 544 2467 uiuendi
566 2409 650 2466 finem
671 2409 770 2467 habeat
792 2426 906 2467 necesse
928 2415 978 2466 est.
1023 2411 1121 2467 Solum

83 2517 169 2589 igitur
190 2517 266 2590 quod
288 2535 319 2575 se
346 2517 439 2591 ipsum
465 2523 578 2591 mouet,
611 2517 676 2589 quia
704 2533 845 2589 nunquam
872 2516 1009 2573 descritur
1036 2533 1053 2573 a
1080 2532 1121 2588 so,

84 2641 282 2698 nunquamne
304 2625 412 2682 moueri
434 2626 547 2699 quidem
574 2624 690 2698 desinit,
720 2623 786 2697 quin
815 2623 897 2680 etiam
919 2623 1027 2696 ceteris,
1050 2640 1122 2695 quae
1175 2692 1182 2700 ν

84 2738 242 2806 mouentur,
264 2731 310 2789 hic
332 2732 405 2809 lons,
427 2734 481 2790 hoc
501 2732 669 2806 principium
691 2739 733 2790 cst
753 2731 893 2789 mouendi.
928 2727 976 2788 54.
999 2729 1122 2803 Principi

84 2847 176 2899 autem
198 2842 275 2897 nulla
297 2846 339 2896 est
360 2839 456 2914 origo;
475 2858 538 2897 nam
560 2857 577 2897 e
598 2839 735 2913 principio
758 2840 884 2896 oriuntur
905 2837 1008 2913 omnia,
1030 2838 1122 2909 ipsum

84 2956 176 3006 autern
187 2949 264 3004 nulla
275 2965 309 3004 cx
322 2963 352 3003 re
364 2948 417 3005 alia
433 2949 510 3005 rrasci
527 2954 636 3023 potest3
658 2965 710 3004 nec
727 2947 800 3004 enim
817 2953 890 3004 esset
900 2947 928 3004 id
945 2945 1122 3019 principium,

75 3057 161 3136 'quod
183 3056 345 3127 gigneretur
366 3054 488 3112 aliunde.
532 3057 614 3124 Quod
636 3055 660 3112 si
682 3071 824 3128 nunquam
847 3055 944 3127 oritur,
967 3071 1002 3111 ne
1024 3052 1125 3109 occidit
1201 3042 1209 3063 ⁶

61 3165 199 3239 ·quidern
216 3178 357 3236 unquam3
379 3179 443 3219 uam
464 3163 631 3235 principium
655 3162 803 3220 extinctum
825 3179 876 3219 nec
897 3162 988 3234 ipsum
1010 3162 1045 3217 ab
1066 3161 1122 3217 alio

84 3277 246 3328 renascetur
254 3286 305 3326 nec
317 3287 351 3326 ex
365 3285 395 3325 se
407 3269 482 3325 aliud
494 3270 607 3344 creabit,
620 3271 643 3327 si
655 3270 768 3344 quidem
780 3286 895 3326 necesse
906 3275 948 3326 est
958 3286 973 3325 a
984 3267 1121 3340 principio

85 3378 153 3436 oriri
181 3378 285 3436 omnia.
341 3378 381 3433 lta
403 3378 448 3452 tit,
478 3384 509 3435 ut
529 3384 620 3435 motus
642 3378 808 3451 principium
830 3396 864 3435 er
897 3393 931 3433 eo
964 3376 1013 3445 sit,
1047 3373 1122 3445 quod

84 3486 177 3559 ipsum
197 3501 256 3542 ase
269 3490 409 3541 mouetur.
444 3486 478 3541 ld
499 3491 589 3542 autern
610 3503 663 3542 nec
683 3487 759 3543 nasci
781 3490 873 3557 potest
893 3500 944 3539 nec
965 3480 1055 3551 mori,
1076 3481 1121 3536 nel

85 3593 213 3651 concidat
240 3608 322 3649 omna
351 3593 462 3650 coelum
492 3592 639 3665 omnisque
666 3599 763 3649 natura
794 3590 925 3647 consistat
946 3603 1060 3644 necesso
1082 3593 1124 3644 cst

153 3891 253 3944 5¹2.nec
264 3891 323 3960 ego)
334 3906 416 3955 neque
426 3906 472 3956 ago
484 3893 516 3944 0.
538 3891 556 3956 †
572 3893 696 3943 tributum
711 3905 726 3942 a
741 3893 789 3943 dcc
804 3891 838 3940 sit
854 3891 910 3955 troc,
921 3903 950 3940 se
965 3889 1049 3953 ipsum
1061 3902 1122 3952 pos-

84 3988 114 4027 se
131 3981 300 4040 cognosceret
327 3981 381 4029 sino
398 3984 462 4028 uota
492 3983 605 4041 corrupt.
631 3978 664 4027 R.
707 3977 744 4026 stc
765 3981 794 4025 ut
815 3975 936 4026 tributum
963 3977 1011 4027 deo
1032 3975 1067 4024 sit
1089 3973 1120 4022 0.

84 4059 128 4111 53.
145 4064 254 4125 nesciet)
272 4065 369 4114 nesciat
377 4061 409 4113 0.
444 4061 594 4128 aeternum)
612 4069 638 4112 ct
654 4067 785 4112 aetornum
802 4062 835 4111 lt.
869 4058 1001 4122 alicunde)
1018 4057 1121 4110 aliunde

87 4143 118 4196 0.
151 4146 196 4199 dl.
213 4160 245 4199 ne
263 4147 372 4212 occidit)
389 4160 437 4199 nec
454 4161 514 4200 ccc.
533 4148 565 4198 u.
602 4160 649 4199 nec
666 4160 696 4197 cr
712 4145 756 4211 se)
773 4159 821 4199 uec
838 4158 867 4197 sc
884 4146 915 4196 n.
