2610 4634
466 292 540 339 ure.
562 282 598 336 V.
642 294 722 339 cnr.
746 277 859 342 9-10.
1121 279 1183 345 15⁹

143 499 229 559 mam
251 482 399 541 consilium
426 480 544 540 ualere?
575 480 627 543 26.
658 484 702 540 An
730 484 868 541 malumus
896 469 1050 557 Epicurum
1069 483 1183 563 imitari,

142 591 192 666 qui
214 592 302 649 multa
329 591 471 663 praeclare
499 606 583 662 saepe
610 590 696 663 dicit3
730 608 813 664 quarn
843 591 917 649 enim
946 591 1001 649 sihi
1026 599 1183 652 constanter

142 698 398 771 conuenienterque
425 698 513 768 dieat,
544 714 601 753 uon
629 698 744 754 laborat.
798 700 905 755 Laudat
929 706 1040 756 tenuem
1067 700 1181 758 uictum.

141 804 311 878 Philosophi
333 803 361 860 id
383 804 513 877 quidem,
536 805 587 859 sed
609 803 634 860 si
657 805 786 860 Socrates
809 811 857 861 aut
868 806 1044 863 Antisthenes
1066 807 1181 882 diceret,

140 928 199 969 non
226 911 270 984 is,
305 911 354 984 qul
375 911 458 967 finem
481 910 620 966 honorum
642 913 815 983 uoluptatem
837 928 899 968 esse
928 913 1037 970 dixerit
1090 915 1182 986 Negat

141 1034 304 1091 quenquam
325 1018 444 1074 iucunde
466 1032 550 1088 posse
571 1015 686 1090 uiuere,
716 1017 770 1073 nisi
792 1017 866 1075 idem
888 1020 1020 1093 honeste,
1043 1021 1183 1093 sapienter

140 1123 272 1198 iusteque
293 1124 380 1181 uiuat.
433 1123 510 1180 Nihil
525 1123 661 1195 prmius,
684 1122 755 1180 nihil
776 1123 953 1199 philosophia
974 1125 1104 1201 dignius,
1126 1127 1181 1184 nisi

139 1230 217 1287 idem
239 1231 293 1287 hoc
313 1230 405 1302 ipsum
427 1229 553 1303 honeste,
565 1229 714 1302 sapienter,
726 1228 797 1288 iuste
815 1233 850 1288 ad
867 1235 1037 1305 uoluptatem
1054 1234 1180 1294 referret

140 1337 216 1408 Quid
238 1337 338 1394 melius
361 1354 445 1410 quam
467 1337 604 1392 fortunam
627 1337 759 1408 exiguam
780 1337 948 1396 interuenire
967 1339 1108 1412 sapienti?
1130 1343 1181 1399 sed

139 1444 195 1502 hoe
216 1443 278 1501 isne
303 1443 378 1517 dicit,
402 1443 460 1517 qui,
475 1460 562 1517 quum
579 1445 707 1500 dolorem
728 1461 785 1500 uon
803 1445 887 1502 modo
903 1446 1053 1504 maximum
1065 1449 1180 1522 malum,

139 1554 190 1610 sed
212 1554 306 1610 solum
327 1551 430 1608 malum
461 1551 544 1606 etiam
571 1551 685 1623 dixerit,
714 1557 772 1608 toto
802 1568 919 1624 corpore
948 1551 1068 1625 opprimi
1091 1556 1181 1628 possit

139 1660 287 1717 doloribus
309 1657 450 1716 acerrimis
478 1663 553 1727 tum,
582 1676 670 1731 quum
698 1659 816 1714 maxime
839 1666 933 1715 contra
954 1658 1094 1746 fortunam
1116 1663 1179 1734 glo·

139 1763 252 1823 rietur?
284 1763 336 1824 27.
361 1766 444 1834 Quod
471 1764 547 1820 idem
568 1759 732 1821 melioribus
755 1766 837 1822 etiam
859 1765 954 1823 uerbis
984 1768 1178 1827 Metrodorus:

140 1872 287 1946 Occupaui
308 1880 346 1945 te,
364 1871 464 1945 inquit,
487 1872 607 1942 fortuna,
629 1879 711 1945 atque
733 1872 805 1945 cepi,
827 1890 980 1947 omnesque
1003 1875 1093 1934 aditus
1115 1884 1177 1935 tuos

138 1979 294 2052 interclusi,
318 1985 347 2037 ut
367 1976 403 2035 ad
425 1995 471 2035 me
493 1977 615 2049 aspirare
638 1996 693 2034 non
716 1996 825 2051 posses.
862 1982 1020 2055 Praeclare,
1043 1983 1067 2040 si
1085 1985 1178 2042 Aristo

140 2087 228 2144 Chius
250 2091 298 2143 aut
317 2085 341 2143 si
355 2084 464 2142 Stoicus
482 2087 577 2142 Zenon
599 2084 712 2158 diceret,
736 2085 795 2158 qui,
819 2087 871 2144 nisi
893 2089 970 2161 quod
992 2096 1071 2162 turpe
1094 2098 1178 2165 esset,

138 2192 209 2250 nihil
231 2194 336 2250 malum
357 2193 477 2249 duceret.
523 2193 567 2248 Tu
588 2209 673 2265 uero,
697 2193 875 2266 Metrodore,
898 2195 946 2267 qui
969 2196 1178 2255 omnebonum

138 2300 169 2357 in
191 2299 348 2357 uisceribus
369 2299 557 2371 medullisque
579 2298 737 2356 condideris
759 2305 786 2355 et
808 2299 948 2357 definieris
971 2318 1108 2358 summum
1125 2304 1177 2361 bo·

138 2424 208 2465 uum
229 2408 309 2464 llrma
331 2405 455 2479 corporis
479 2405 624 2463 allectione
648 2408 846 2480 explorataque
869 2424 919 2479 spe
941 2409 1093 2484 contineri,
1117 2411 1176 2467 lor·

137 2522 221 2572 tunae
244 2514 332 2571 aditus
361 2510 561 2570 interclusisti?
594 2515 657 2582 Quo
686 2511 796 2570 modo',>
829 2516 885 2572 lsto
915 2515 989 2572 enim
1016 2517 1092 2574 hono
1121 2517 1177 2576 iarn

137 2621 276 2695 expoliari
297 2628 387 2693 potes.

223 2729 260 2784 x.
282 2725 333 2788 28.
356 2728 440 2802 Atqui
462 2727 505 2785 his
527 2728 673 2801 capiuntur
693 2727 825 2804 imperiti,
849 2737 876 2789 et
891 2736 1006 2804 propter
1016 2730 1176 2789 huiusmodi

136 2835 289 2894 sententias
310 2834 428 2891 istorum
449 2835 594 2906 homiuum
623 2842 664 2892 est
691 2836 849 2899 multitudo.
892 2838 980 2894 Acute
1003 2845 1095 2895 autem
1117 2839 1176 2895 dis·

136 2943 260 3016 putantis
286 2942 358 2999 illud
380 2949 437 3015 est,
465 2959 520 2999 non
549 2943 617 3015 quid
642 2943 762 3017 quisque
787 2944 874 3015 dicat,
903 2946 954 3001 sed
981 2944 1050 3018 quid
1076 2946 1176 3020 cuique

137 3051 288 3106 dicendum
309 3050 354 3122 sit,
378 3048 484 3106 uidere.
528 3050 611 3107 Uelut
631 3049 659 3106 iu
681 3068 714 3107 ea
735 3050 797 3123 ipsa
819 3052 963 3126 sententia,
980 3069 1066 3126 quam
1082 3053 1111 3109 in
1124 3054 1176 3112 hac

136 3156 325 3229 disputatione
347 3155 537 3228 suscepimus,
561 3172 658 3213 omnes
680 3158 770 3213 honos
793 3173 905 3231 semper
925 3159 1021 3217 heatus
1044 3163 1176 3219 uolumus

135 3279 210 3320 esse.
253 3262 332 3332 Quos
353 3262 445 3319 dicam
466 3262 567 3333 honos,
590 3264 768 3336 perspicuum
790 3271 849 3337 est;
871 3265 1002 3323 omnihus
1023 3266 1098 3324 euim
1116 3266 1174 3324 uir·

135 3369 242 3427 munus
263 3369 411 3426 instructos
434 3375 461 3425 et
483 3376 595 3426 ornatos
609 3376 667 3426 tum
686 3371 835 3444 sapientes,
848 3376 908 3427 tum
929 3372 1006 3428 uiros
1028 3375 1118 3429 honos
1130 3373 1174 3430 di·

136 3476 237 3553 cimus.
290 3475 457 3548 Uideamus,
490 3475 539 3549 qui
577 3477 688 3533 dicendi
727 3478 782 3533 sint
813 3478 896 3534 heati.
949 3478 1090 3552 Equidem
1122 3479 1174 3537 hos

133 3582 283 3656 existimo,
311 3583 360 3656 qui
387 3581 490 3639 sintin
511 3583 593 3639 honis
615 3584 692 3639 nullo
714 3582 842 3641 adiuncto
864 3585 948 3643 malo.
1002 3583 1053 3645 29.
1075 3587 1174 3660 Neque

132 3688 193 3746 ulla
214 3689 270 3745 alia
291 3689 356 3746 huic
377 3690 476 3763 uerbo,
499 3706 585 3763 quum
607 3689 720 3747 beatum
742 3691 870 3766 dicimus,
893 3691 1016 3749 subiecta
1038 3692 1114 3749 notio
1132 3700 1175 3752 est
1204 3671 1205 3674 Ἴ

142 3820 259 3829 ——00-

202 3881 238 3932 26
263 3883 374 3948 Laudat)
391 3886 465 3937 lauda
483 3887 516 3939 lt.
551 3886 631 3950 Quid)
650 3901 694 3950 qm
713 3888 744 3952 ll.
780 3889 847 3951 isne)
867 3889 940 3939 hisne
958 3890 990 3942 R.
1025 3890 1067 3940 27.
1086 3890 1174 3942 Occu-

131 3968 193 4031 paui
213 3967 253 4032 te)
269 3970 406 4031 occupauit
422 3970 489 4019 Non.
504 3986 532 4034 p.
551 3969 619 4020 355.
647 3973 745 4032 Zenon)
773 3975 839 4024 zeno
867 3974 899 4026 0.
938 3975 1060 4037 expoliari
1087 3976 1174 4041 potes)

130 4053 260 4117 expoliare
277 4057 362 4115 potest
374 4054 428 4104 lll’.
462 4055 504 4105 28.
523 4056 606 4119 Quos)
627 4058 696 4118 quod
713 4057 766 4108 ΒΡ.
802 4058 870 4121 Quid
881 4057 912 4109 0.
949 4060 1066 4128 dicendi)
1082 4063 1174 4113 diceu-

129 4136 195 4188 dum
214 4136 257 4195 R,
272 4139 319 4188 sed
336 4151 403 4193 corr.
421 4139 449 4189 a'n
469 4141 580 4192 dicendi
