2610 4634
435 283 513 358 nra.
535 273 570 328 v.
591 323 593 327 .
615 284 698 338 cna.
721 268 876 332 35-—36.-
1012 238 1013 241 Ἴ
1105 259 1166 335 188

131 474 218 532 uisset
239 474 313 547 apud
323 474 469 531 Platonem
490 489 581 546 eoquo
602 473 734 531 conuiuio
755 473 904 531 admodum
924 472 1075 531 delectatus
1093 479 1169 531 esset

131 581 302 654 uidissetque
336 597 400 637 eum
425 580 577 655 postridie,
607 581 726 637 dixisse:
756 582 894 656 „Uestras
922 580 1036 652 quidem
1064 596 1167 640 coenae

131 705 188 744 non
211 691 302 745 solum
323 674 537 760 inpraesentia,
560 687 610 743 scd
632 687 714 744 etiam
735 694 848 759 postero
866 675 912 763 dic
926 681 1167 743 iucundaesunt''

132 792 230 863 Quid?
262 795 338 867 quod
360 811 396 850 ne
418 800 509 850 mente
531 793 649 866 quidem,
666 799 740 850 recte
759 794 800 850 uti
822 809 971 866 possumus
992 793 1081 850 multo
1103 793 1167 850 cibo

131 906 159 955 et
180 900 293 972 potione
316 887 471 973 completi?
492 900 544 957 Est
564 901 709 973 praeclara
725 901 843 972 epistola
865 901 990 956 Platonis
1011 900 1046 956 ad
1067 899 1168 957 Dionis
1217 953 1224 958 ,,

130 1006 314 1081 propinquos,
337 1007 366 1063 in
388 1023 443 1079 qua
465 1006 597 1079 scriptum
618 1013 660 1064 cst
680 1006 724 1063 his
748 1008 806 1064 tere
828 1006 939 1063 uerbis:
973 1007 1058 1080 „Quo
1080 1022 1167 1079 quum

130 1113 282 1185 uenissom,
305 1114 360 1170 uita
381 1113 430 1170 illa
452 1099 541 1180 beata,
564 1130 636 1186 quae
657 1114 807 1188 lorcbatur,
829 1115 912 1186 plena
933 1112 1090 1168 Italicarum
1113 1113 1167 1185 Sy·

130 1220 355 1293 racnsiarumqne
376 1237 551 1295 mensarum,
574 1221 651 1277 nullo
673 1222 758 1277 modo
779 1219 848 1286 milri
870 1219 982 1293 placuit,
1004 1218 1099 1275 bisin
1121 1216 1168 1274 dic

131 1334 253 1382 saturum
275 1327 337 1382 fieri
364 1343 416 1383 nec
445 1339 568 1400 unquam
593 1333 756 1399 pernoctare
783 1330 875 1384 solum
902 1330 1064 1399 ceteraque,
1095 1336 1167 1398 quac

130 1433 294 1489 comitantur
317 1432 383 1489 huic
403 1434 486 1506 uitae,
508 1433 537 1489 in
558 1450 613 1505 qua
639 1433 749 1507 sapiens
771 1449 853 1490 nemo
875 1431 1011 1488 efficietur
1032 1447 1166 1503 unquam,

130 1523 288 1595 moderatus
316 1556 384 1595 uero
398 1540 500 1622 multo
526 1539 627 1596 minus.
662 1524 752 1599 Ι101.
779 1541 859 1609 Quae
887 1536 962 1595 enim
988 1544 1085 1595 natura
1100 1543 1168 1598 „tam

130 1645 295 1701 mirabiliter
315 1633 464 1718 temporari
486 1643 621 1719 potest‘t'’
659 1646 722 1715 Quo
753 1648 838 1703 modo
865 1629 955 1716 igitur
971 1645 1090 1701 iucunda
1111 1642 1168 1699 uita

129 1756 221 1823 potest
244 1768 316 1823 esse,
339 1769 355 1808 a
376 1769 431 1825 qna
456 1751 529 1808 absit
549 1751 708 1826 prudentia,
737 1753 810 1823 absit
834 1747 1013 1809 moderatio?
1043 1750 1088 1807 Ex
1110 1765 1167 1822 quo

131 1859 337 1931 Sardanapalli,
361 1857 563 1930 opulentissimi
586 1839 682 1932 Syriae
703 1860 796 1934 regis,
818 1876 898 1916 orror
919 1857 1094 1932 agnoscitur,
1118 1855 1166 1929 qui

129 1963 214 2022 incidi
235 1951 315 2020 iussit
337 1963 364 2020 in
386 1966 485 2021 busto:
517 1942 519 1945 Ι
667 2031 673 2039 ,

215 2071 293 2127 Haec
314 2073 412 2144 habeo,
441 2050 587 2147 paneadi,
610 2086 734 2146 quosque
755 2077 905 2129 camarata
927 2073 1013 2136 libido

213 2177 337 2250 Hausit3
360 2183 392 2235 nt
411 2179 464 2235 illc
484 2182 575 2235 iacent
594 2180 683 2235 multa
705 2184 730 2235 et
746 2179 898 2250 praeclara
918 2179 1026 2234 relicto.

130 2277 219 2360 (Quid
241 2283 326 2357 aliud,
348 2284 438 2357 inquit
451 2283 623 2358 Aristoteles,
646 2284 675 2340 in
696 2283 788 2356 bouis,
811 2301 867 2340 non
888 2284 917 2340 in
939 2283 1166 2355 regis'sepulcro

129 2374 343 2463 inscriberes‘i]
376 2391 454 2446 Haec
475 2390 578 2446 habere
601 2406 631 2446 se
652 2396 792 2456 mortuum
814 2389 893 2465 dicit,
923 2406 994 2463 quae
1021 2405 1057 2446 nu
1083 2387 1167 2445 uiuus

130 2496 243 2568 quidem
264 2497 367 2552 diutius
388 2495 517 2569 habebat,
541 2513 624 2569 quam
645 2496 797 2554 trachatur.
843 2495 913 2555 102.
937 2497 995 2553 Cur
1015 2496 1100 2568 igitur
1120 2493 1166 2550 dia

129 2602 212 2658 uitiae
240 2602 446 2674 desiderentur,
476 2607 523 2658 aut
543 2602 604 2666 uhi„
617 2608 763 2675 paupertas
791 2603 887 2661 beatos
910 2619 971 2660 esso
1000 2617 1057 2658 non
1079 2596 1167 2658 sinit?

131 2708 236 2779 Signis,
260 2708 361 2780 credo,
384 2708 495 2781 tabulis,
517 2708 602 2765 ludis.
651 2709 766 2782 Siquis
790 2716 847 2784 est,
871 2709 919 2783 qul
940 2708 975 2766 iis
1004 2709 1166 2781 delectetur,

129 2831 222 2871 nonne
243 2812 344 2870 melius
366 2819 463 2870 tenues
485 2814 612 2870 homines
635 2815 763 2871 trauntur
784 2833 868 2889 quam
886 2815 938 2888 illi,
962 2813 1064 2888 quibis
1076 2813 1166 2869 abnue

130 2923 211 2993 dant3
247 2925 289 2977 cst
317 2919 391 2976 enim
420 2936 518 2976 earum·
542 2937 636 2977 rerum
657 2904 781 2978 omnium
802 2921 831 2978 in
853 2927 946 2979 nostra
968 2921 1037 2978 urbe
1060 2934 1168 2984 summa

129 3026 157 3083 in
179 3027 291 3099 publico
314 3025 402 3098 copia.
446 3028 524 3094 Quae
546 3027 593 3100 qui
615 3027 715 3100 priuati
736 3027 854 3103 habent,
883 3044 935 3084 noc
955 3032 1012 3083 tam
1032 3025 1119 3082 multa
1140 3029 1192 3093 et¹

129 3148 193 3188 raro
215 3133 326 3211 uident,
357 3150 444 3206 quum
472 3133 500 3189 in
523 3150 572 3190 sua
593 3150 658 3190 rura
680 3141 832 3208 uenerunt3
855 3116 936 3208 nuos
958 3140 1047 3190 tamma
1069 3129 1169 3205 pungit

130 3236 251 3309 aliquid,
274 3253 376 3311 quum,
398 3239 448 3295 illa
469 3239 544 3294 unde
565 3239 700 3312 habeant,
724 3241 914 3298 recordantur.
956 3239 1023 3296 Dies
1046 3236 1166 3310 deliciet,

131 3343 154 3399 si
176 3342 263 3398 nolim
285 3344 452 3415 paupertatis
474 3360 585 3401 causam
605 3344 774 3421 detendere3
796 3351 889 3418 aperta
912 3345 986 3402 enim
1006 3359 1052 3399 res
1069 3347 1121 3415 cst,
1141 3346 1170 3397 ct

130 3448 254 3521 quotidie
275 3464 328 3504 nos
349 3449 410 3521 ipsa
431 3432 695 3525 natur'aadmonet,
723 3468 807 3524 quam
828 3451 940 3524 paucis,
969 3465 1052 3522 quam
1073 3445 1167 3519 paruis
1243 3524 1247 3531 ·

129 3555 214 3611 rebus
237 3559 326 3627 egeat,
349 3572 432 3628 quam
454 3554 567 3612 uilibus.
862 3598 865 3603 >

214 3660 350 3718 XXXVl.
386 3659 457 3720 103.
489 3661 564 3718 Num
591 3659 676 3732 igitur
696 3659 857 3734 ignobilitas
886 3666 932 3717 aut
959 3657 1101 3715 humilitas
1122 3649 1168 3715 aut

199 3925 256 3978 100.
276 3925 355 3990 oum)
372 3941 423 3976 om.
440 3928 470 3980 P.
505 3927 591 3991 Quid)
608 3928 653 3989 qul
670 3927 724 3977 ΒΡ.
758 3927 839 3988 milri)
860 3940 910 3976 om.
928 3926 958 3974 P.
995 3923 1052 3974 ldl.
1072 3925 1167 3975 Sarda-

130 4005 241 4073 napnltt)
259 4010 422 4073 Sardanapall
440 4010 496 4061 1¹0.
533 4000 638 4060 lotnlu
655 4008 756 4072 nostra)
772 4015 858 4062 nostra
875 4009 953 4090 usu.
988 4008 1092 4074 primii)
1111 4008 1168 4070 pri·
1223 4040 1226 4044 ·

130 4092 208 4141 uelim
230 4092 262 4145 0.
569 4091 575 4098 ’
