<?xml version="1.0" encoding="UTF-8"?>
<!DOCTYPE html PUBLIC "-//W3C//DTD XHTML 1.0 Transitional//EN"
    "http://www.w3.org/TR/xhtml1/DTD/xhtml1-transitional.dtd">
<html xmlns="http://www.w3.org/1999/xhtml" xml:lang="en" lang="en">
 <head>
  <title>
</title>
<meta http-equiv="Content-Type" content="text/html;charset=utf-8" />
  <meta name='ocr-system' content='tesseract 3.04.00' />
  <meta name='ocr-capabilities' content='ocr_page ocr_carea ocr_par ocr_line ocrx_word'/>
</head>
<body>
  <div class='ocr_page' id='page_1' title='image "./tusculanarumdis00treggoog_0128.png"; bbox 0 0 2610 4634; ppageno 0'>
   <div class='ocr_carea' id='block_1_1' title="bbox 365 283 799 346">
    <p class='ocr_par' dir='ltr' id='par_1_1' title="bbox 365 283 799 346">
     <span class='ocr_line' id='line_1_1' title="bbox 365 283 799 346; baseline -0.002 -4"><span class='ocrx_word' id='word_1_1' title='bbox 365 297 443 343; x_wconf 81' lang='grc'><strong>111.</strong></span> <span class='ocrx_word' id='word_1_2' title='bbox 466 285 518 342; x_wconf 90' lang='lat' dir='ltr'>lll.</span> <span class='ocrx_word' id='word_1_3' title='bbox 562 299 642 343; x_wconf 75' lang='lat' dir='ltr'>car.</span> <span class='ocrx_word' id='word_1_4' title='bbox 668 283 799 346; x_wconf 74' lang='lat' dir='ltr'>tlt-20.</span> 
     </span>
    </p>
   </div>
   <div class='ocr_carea' id='block_1_2' title="bbox 10 487 1127 3448">
    <p class='ocr_par' dir='ltr' id='par_1_2' title="bbox 10 487 1105 1949">
     <span class='ocr_line' id='line_1_2' title="bbox 151 487 960 561; baseline -0.002 -17"><span class='ocrx_word' id='word_1_5' title='bbox 151 487 235 545; x_wconf 80' lang='lat' dir='ltr'>me</span> <span class='ocrx_word' id='word_1_6' title='bbox 254 489 367 559; x_wconf 76' lang='lat' dir='ltr'>{lamma</span> <span class='ocrx_word' id='word_1_7' title='bbox 387 489 552 561; x_wconf 68' lang='grc'><strong>1111191111,</strong></span> <span class='ocrx_word' id='word_1_8' title='bbox 576 491 642 545; x_wconf 79' lang='lat' dir='ltr'>testi</span> <span class='ocrx_word' id='word_1_9' title='bbox 664 488 716 545; x_wconf 86' lang='lat' dir='ltr'>alti</span> <span class='ocrx_word' id='word_1_10' title='bbox 737 494 812 545; x_wconf 81' lang='lat' dir='ltr'>stent</span> <span class='ocrx_word' id='word_1_11' title='bbox 828 490 960 561; x_wconf 76' lang='lat' dir='ltr'>parietes,</span> 
     </span>
     <span class='ocr_line' id='line_1_3' title="bbox 151 596 687 670; baseline 0 -19"><span class='ocrx_word' id='word_1_12' title='bbox 151 596 311 670; x_wconf 72' lang='lat' dir='ltr'>Desmmati</span> <span class='ocrx_word' id='word_1_13' title='bbox 336 600 419 669; x_wconf 80' lang='lat' dir='ltr'>atque</span> <span class='ocrx_word' id='word_1_14' title='bbox 441 598 527 654; x_wconf 77' lang='lat' dir='ltr'>abiete</span> <span class='ocrx_word' id='word_1_15' title='bbox 548 597 687 667; x_wconf 62' lang='lat' dir='ltr'>crispe...</span> 
     </span>
     <span class='ocr_line' id='line_1_4' title="bbox 62 701 738 777; baseline -0.004 -16"><span class='ocrx_word' id='word_1_16' title='bbox 62 702 160 777; x_wconf 84' lang='lat' dir='ltr'>Scitis,</span> <span class='ocrx_word' id='word_1_17' title='bbox 183 716 254 775; x_wconf 87' lang='lat' dir='ltr'>quae</span> <span class='ocrx_word' id='word_1_18' title='bbox 276 707 436 774; x_wconf 84' lang='lat' dir='ltr'>sequantur,</span> <span class='ocrx_word' id='word_1_19' title='bbox 458 709 486 759; x_wconf 91' lang='lat' dir='ltr'>ct</span> <span class='ocrx_word' id='word_1_20' title='bbox 506 701 554 758; x_wconf 91' lang='lat' dir='ltr'>illa</span> <span class='ocrx_word' id='word_1_21' title='bbox 576 701 603 757; x_wconf 92' lang='grc'>11</span> <span class='ocrx_word' id='word_1_22' title='bbox 627 702 738 774; x_wconf 87' lang='lat' dir='ltr'>primis:</span> 
     </span>
     <span class='ocr_line' id='line_1_5' title="bbox 10 807 755 885; baseline -0.004 -18"><span class='ocrx_word' id='word_1_23' title='bbox 10 811 13 824; x_wconf 93' lang='lat'>&#39;</span> <span class='ocrx_word' id='word_1_24' title='bbox 119 848 121 854; x_wconf 34' lang='grc' dir='ltr'><strong><em>ι</em></strong></span> <span class='ocrx_word' id='word_1_25' title='bbox 152 807 289 885; x_wconf 76' lang='lat' dir='ltr'>opatu,</span> <span class='ocrx_word' id='word_1_26' title='bbox 311 812 456 883; x_wconf 64' lang='lat' dir='ltr'>ceutria,</span> <span class='ocrx_word' id='word_1_27' title='bbox 479 827 495 865; x_wconf 88' lang='lat' dir='ltr'>a</span> <span class='ocrx_word' id='word_1_28' title='bbox 518 809 626 866; x_wconf 79' lang='lat' dir='ltr'><strong><em>Priami</em></strong></span> <span class='ocrx_word' id='word_1_29' title='bbox 649 813 755 881; x_wconf 71' lang='lat' dir='ltr'>donans,</span> 
     </span>
     <span class='ocr_line' id='line_1_6' title="bbox 39 888 722 988; baseline -0.001 -17"><span class='ocrx_word' id='word_1_30' title='bbox 39 888 49 901; x_wconf 45' lang='lat'><em>⁶</em></span> <span class='ocrx_word' id='word_1_31' title='bbox 98 912 100 915; x_wconf 75' lang='grc'><strong>’</strong></span> <span class='ocrx_word' id='word_1_32' title='bbox 152 916 286 988; x_wconf 72' lang='lat' dir='ltr'>Saeptum</span> <span class='ocrx_word' id='word_1_33' title='bbox 307 915 428 972; x_wconf 80' lang='lat' dir='ltr'>altisona</span> <span class='ocrx_word' id='word_1_34' title='bbox 452 919 563 972; x_wconf 20' lang='lat' dir='ltr'>enardinc</span> <span class='ocrx_word' id='word_1_35' title='bbox 585 917 722 988; x_wconf 77' lang='lat' dir='ltr'>templum,</span> 
     </span>
     <span class='ocr_line' id='line_1_7' title="bbox 152 1017 713 1095; baseline -0.002 -15"><span class='ocrx_word' id='word_1_36' title='bbox 152 1023 219 1080; x_wconf 85' lang='lat' dir='ltr'>Uidi</span> <span class='ocrx_word' id='word_1_37' title='bbox 241 1038 290 1093; x_wconf 70' lang='lat' dir='ltr'>equ</span> <span class='ocrx_word' id='word_1_38' title='bbox 314 1017 468 1077; x_wconf 71' lang='lat' dir='ltr'>tractante</span> <span class='ocrx_word' id='word_1_39' title='bbox 491 1040 542 1095; x_wconf 81' lang='lat' dir='ltr'>ope</span> <span class='ocrx_word' id='word_1_40' title='bbox 564 1025 713 1080; x_wconf 71' lang='lat' dir='ltr'>landerice</span> 
     </span>
     <span class='ocr_line' id='line_1_8' title="bbox 154 1129 561 1201; baseline -0.01 -14"><span class='ocrx_word' id='word_1_41' title='bbox 154 1131 242 1187; x_wconf 82' lang='lat' dir='ltr'>Tectis</span> <span class='ocrx_word' id='word_1_42' title='bbox 264 1129 389 1194; x_wconf 75' lang='lat' dir='ltr'>caelatis,</span> <span class='ocrx_word' id='word_1_43' title='bbox 414 1129 561 1201; x_wconf 84' lang='lat' dir='ltr'>laqueatis,</span> 
     </span>
     <span class='ocr_line' id='line_1_9' title="bbox 151 1209 662 1309; baseline 0.002 -18"><span class='ocrx_word' id='word_1_44' title='bbox 151 1235 239 1307; x_wconf 77' lang='lat' dir='ltr'>Auro,</span> <span class='ocrx_word' id='word_1_45' title='bbox 263 1209 344 1292; x_wconf 77' lang='lat' dir='ltr'>ebora</span> <span class='ocrx_word' id='word_1_46' title='bbox 362 1239 526 1292; x_wconf 73' lang='lat' dir='ltr'><strong><em>instructam</em></strong></span> <span class='ocrx_word' id='word_1_47' title='bbox 546 1237 662 1309; x_wconf 75' lang='lat' dir='ltr'>rcyifice.</span> 
     </span>
     <span class='ocr_line' id='line_1_10' title="bbox 63 1340 1103 1416; baseline -0.002 -14"><span class='ocrx_word' id='word_1_48' title='bbox 63 1340 117 1402; x_wconf 80' lang='lat'>45.</span> <span class='ocrx_word' id='word_1_49' title='bbox 141 1342 167 1400; x_wconf 91' lang='lat'>0</span> <span class='ocrx_word' id='word_1_50' title='bbox 189 1345 300 1414; x_wconf 68' lang='lat' dir='ltr'>puttam</span> <span class='ocrx_word' id='word_1_51' title='bbox 320 1342 480 1414; x_wconf 78' lang='lat' dir='ltr'>egregiuml</span> <span class='ocrx_word' id='word_1_52' title='bbox 504 1359 661 1415; x_wconf 81' lang='lat' dir='ltr'>quanquam</span> <span class='ocrx_word' id='word_1_53' title='bbox 684 1341 719 1397; x_wconf 87' lang='lat' dir='ltr'>ab</span> <span class='ocrx_word' id='word_1_54' title='bbox 741 1341 784 1397; x_wconf 90' lang='lat' dir='ltr'>his</span> <span class='ocrx_word' id='word_1_55' title='bbox 807 1342 965 1415; x_wconf 83' lang='lat' dir='ltr'>cantoribus</span> <span class='ocrx_word' id='word_1_56' title='bbox 987 1343 1103 1416; x_wconf 85' lang='lat' dir='ltr'>Eupho·</span> 
     </span>
     <span class='ocr_line' id='line_1_11' title="bbox 64 1447 1104 1522; baseline -0.001 -16"><span class='ocrx_word' id='word_1_57' title='bbox 64 1449 155 1506; x_wconf 86' lang='lat' dir='ltr'>rionis</span> <span class='ocrx_word' id='word_1_58' title='bbox 176 1449 370 1506; x_wconf 77' lang='lat' dir='ltr'>contemnitur.</span> <span class='ocrx_word' id='word_1_59' title='bbox 422 1448 510 1506; x_wconf 84' lang='lat' dir='ltr'>Sentit</span> <span class='ocrx_word' id='word_1_60' title='bbox 532 1449 623 1505; x_wconf 91' lang='lat' dir='ltr'>omnia</span> <span class='ocrx_word' id='word_1_61' title='bbox 646 1447 787 1520; x_wconf 86' lang='lat' dir='ltr'>repentina</span> <span class='ocrx_word' id='word_1_62' title='bbox 810 1454 838 1505; x_wconf 88' lang='lat' dir='ltr'>et</span> <span class='ocrx_word' id='word_1_63' title='bbox 858 1450 1020 1522; x_wconf 86' lang='lat' dir='ltr'>necopinata</span> <span class='ocrx_word' id='word_1_64' title='bbox 1042 1467 1104 1506; x_wconf 89' lang='lat' dir='ltr'>csse</span> 
     </span>
     <span class='ocr_line' id='line_1_12' title="bbox 64 1555 1105 1630; baseline 0 -18"><span class='ocrx_word' id='word_1_65' title='bbox 64 1555 206 1629; x_wconf 75' lang='lat' dir='ltr'>grauiora.</span> <span class='ocrx_word' id='word_1_66' title='bbox 259 1555 442 1627; x_wconf 82' lang='lat' dir='ltr'>Exaggeratis</span> <span class='ocrx_word' id='word_1_67' title='bbox 475 1555 559 1627; x_wconf 79' lang='lat' dir='ltr'>igitur</span> <span class='ocrx_word' id='word_1_68' title='bbox 584 1555 659 1627; x_wconf 78' lang='lat' dir='ltr'>regis</span> <span class='ocrx_word' id='word_1_69' title='bbox 688 1555 806 1630; x_wconf 87' lang='lat' dir='ltr'>opibus,</span> <span class='ocrx_word' id='word_1_70' title='bbox 840 1571 911 1628; x_wconf 90' lang='lat' dir='ltr'>quae</span> <span class='ocrx_word' id='word_1_71' title='bbox 939 1555 1105 1613; x_wconf 81' lang='lat' dir='ltr'>uidebantur</span> 
     </span>
     <span class='ocr_line' id='line_1_13' title="bbox 64 1659 606 1736; baseline -0.006 -15"><span class='ocrx_word' id='word_1_72' title='bbox 64 1663 250 1736; x_wconf 76' lang='lat' dir='ltr'>sempiternae</span> <span class='ocrx_word' id='word_1_73' title='bbox 273 1662 345 1735; x_wconf 84' lang='lat' dir='ltr'>lure,</span> <span class='ocrx_word' id='word_1_74' title='bbox 368 1660 436 1734; x_wconf 90' lang='lat' dir='ltr'>quid</span> <span class='ocrx_word' id='word_1_75' title='bbox 458 1659 606 1733; x_wconf 81' lang='lat' dir='ltr'>adiungit?</span> 
     </span>
     <span class='ocr_line' id='line_1_14' title="bbox 152 1752 628 1843; baseline 0 -17"><span class='ocrx_word' id='word_1_76' title='bbox 152 1769 231 1826; x_wconf 85' lang='lat' dir='ltr'>Haec</span> <span class='ocrx_word' id='word_1_77' title='bbox 252 1772 347 1826; x_wconf 84' lang='lat' dir='ltr'>omnin</span> <span class='ocrx_word' id='word_1_78' title='bbox 367 1752 430 1826; x_wconf 79' lang='lat' dir='ltr'>nidi</span> <span class='ocrx_word' id='word_1_79' title='bbox 449 1771 628 1843; x_wconf 77' lang='lat' dir='ltr'>inflammari,</span> 
     </span>
     <span class='ocr_line' id='line_1_15' title="bbox 151 1877 562 1949; baseline 0 -17"><span class='ocrx_word' id='word_1_80' title='bbox 151 1877 266 1932; x_wconf 72' lang='lat' dir='ltr'>Paterno</span> <span class='ocrx_word' id='word_1_81' title='bbox 288 1880 320 1933; x_wconf 86' lang='lat' dir='ltr'>ni</span> <span class='ocrx_word' id='word_1_82' title='bbox 339 1879 429 1932; x_wconf 84' lang='lat' dir='ltr'>uitam</span> <span class='ocrx_word' id='word_1_83' title='bbox 450 1879 562 1949; x_wconf 76' lang='lat' dir='ltr'>anitati,</span> 
     </span>
    </p>

    <p class='ocr_par' dir='ltr' id='par_1_3' title="bbox 65 1976 1127 3004">
     <span class='ocr_line' id='line_1_16' title="bbox 129 1976 1042 2055; baseline 0.002 -17"><span class='ocrx_word' id='word_1_84' title='bbox 129 1982 234 2040; x_wconf 84' lang='lat' dir='ltr'>-louis</span> <span class='ocrx_word' id='word_1_85' title='bbox 256 2001 336 2039; x_wconf 83' lang='lat' dir='ltr'>aram</span> <span class='ocrx_word' id='word_1_86' title='bbox 357 1986 492 2053; x_wconf 65' lang='lat' dir='ltr'>sanquine</span> <span class='ocrx_word' id='word_1_87' title='bbox 515 1985 635 2055; x_wconf 78' lang='lat' dir='ltr'>turpari.</span> <span class='ocrx_word' id='word_1_88' title='bbox 1017 1976 1042 2021; x_wconf 58' lang='grc' dir='ltr'><strong>θ</strong></span> 
     </span>
     <span class='ocr_line' id='line_1_17' title="bbox 65 2079 1105 2149; baseline 0 0"><span class='ocrx_word' id='word_1_89' title='bbox 65 2087 118 2149; x_wconf 80' lang='grc'>46.</span> <span class='ocrx_word' id='word_1_90' title='bbox 140 2079 317 2146; x_wconf 84' lang='lat' dir='ltr'>Praeclarum</span> <span class='ocrx_word' id='word_1_91' title='bbox 340 2092 465 2146; x_wconf 81' lang='lat' dir='ltr'>carmen!</span> <span class='ocrx_word' id='word_1_92' title='bbox 489 2096 531 2146; x_wconf 89' lang='lat' dir='ltr'>est</span> <span class='ocrx_word' id='word_1_93' title='bbox 552 2089 626 2145; x_wconf 90' lang='lat' dir='ltr'>enim</span> <span class='ocrx_word' id='word_1_94' title='bbox 648 2097 675 2146; x_wconf 89' lang='lat' dir='ltr'>et</span> <span class='ocrx_word' id='word_1_95' title='bbox 696 2089 778 2147; x_wconf 90' lang='lat' dir='ltr'>rebus</span> <span class='ocrx_word' id='word_1_96' title='bbox 801 2096 829 2147; x_wconf 91' lang='lat' dir='ltr'>et</span> <span class='ocrx_word' id='word_1_97' title='bbox 849 2090 944 2149; x_wconf 90' lang='lat' dir='ltr'>uerbis</span> <span class='ocrx_word' id='word_1_98' title='bbox 966 2099 994 2148; x_wconf 89' lang='lat' dir='ltr'>et</span> <span class='ocrx_word' id='word_1_99' title='bbox 1014 2091 1105 2149; x_wconf 90' lang='lat' dir='ltr'>modis</span> 
     </span>
     <span class='ocr_line' id='line_1_18' title="bbox 67 2194 1105 2269; baseline -0.001 -15"><span class='ocrx_word' id='word_1_100' title='bbox 67 2197 198 2269; x_wconf 81' lang='lat' dir='ltr'>lugubre.</span> <span class='ocrx_word' id='word_1_101' title='bbox 242 2195 400 2269; x_wconf 82' lang='lat' dir='ltr'><strong>Eripiamus</strong></span> <span class='ocrx_word' id='word_1_102' title='bbox 423 2195 488 2251; x_wconf 91' lang='lat' dir='ltr'>huic</span> <span class='ocrx_word' id='word_1_103' title='bbox 509 2196 717 2268; x_wconf 79' lang='lat' dir='ltr'><strong>aegritudinem.</strong></span> <span class='ocrx_word' id='word_1_104' title='bbox 761 2197 823 2265; x_wconf 86' lang='lat' dir='ltr'>Quo</span> <span class='ocrx_word' id='word_1_105' title='bbox 846 2194 953 2255; x_wconf 81' lang='lat' dir='ltr'>modo?</span> <span class='ocrx_word' id='word_1_106' title='bbox 976 2197 1105 2254; x_wconf 85' lang='lat' dir='ltr'>Collocc·</span> 
     </span>
     <span class='ocr_line' id='line_1_19' title="bbox 66 2303 1106 2378; baseline -0.003 -16"><span class='ocrx_word' id='word_1_107' title='bbox 66 2320 130 2361; x_wconf 84' lang='lat' dir='ltr'>mus</span> <span class='ocrx_word' id='word_1_108' title='bbox 153 2303 182 2360; x_wconf 92' lang='lat' dir='ltr'>iu</span> <span class='ocrx_word' id='word_1_109' title='bbox 205 2303 302 2359; x_wconf 77' lang='lat' dir='ltr'>culcita</span> <span class='ocrx_word' id='word_1_110' title='bbox 325 2304 451 2377; x_wconf 82' lang='lat' dir='ltr'>plumea,</span> <span class='ocrx_word' id='word_1_111' title='bbox 480 2303 621 2373; x_wconf 81' lang='lat' dir='ltr'><strong>psaltriam</strong></span> <span class='ocrx_word' id='word_1_112' title='bbox 642 2303 826 2375; x_wconf 77' lang='lat' dir='ltr'>adducamus,</span> <span class='ocrx_word' id='word_1_113' title='bbox 854 2304 987 2378; x_wconf 81' lang='lat' dir='ltr'><strong>hedychri</strong></span> <span class='ocrx_word' id='word_1_114' title='bbox 1009 2304 1106 2360; x_wconf 90' lang='lat' dir='ltr'>incen-</span> 
     </span>
     <span class='ocr_line' id='line_1_20' title="bbox 67 2408 1105 2489; baseline -0.004 -20"><span class='ocrx_word' id='word_1_115' title='bbox 67 2413 167 2469; x_wconf 87' lang='lat' dir='ltr'>damus</span> <span class='ocrx_word' id='word_1_116' title='bbox 190 2409 348 2489; x_wconf 77' lang='lat' dir='ltr'>scutellam,</span> <span class='ocrx_word' id='word_1_117' title='bbox 379 2408 532 2466; x_wconf 84' lang='lat' dir='ltr'>dulciculae</span> <span class='ocrx_word' id='word_1_118' title='bbox 559 2410 679 2482; x_wconf 86' lang='lat' dir='ltr'>potiouis</span> <span class='ocrx_word' id='word_1_119' title='bbox 701 2410 806 2482; x_wconf 90' lang='lat' dir='ltr'>aliquid</span> <span class='ocrx_word' id='word_1_120' title='bbox 828 2412 971 2468; x_wconf 89' lang='lat' dir='ltr'>uideamus</span> <span class='ocrx_word' id='word_1_121' title='bbox 994 2417 1021 2467; x_wconf 91' lang='lat' dir='ltr'>ct</span> <span class='ocrx_word' id='word_1_122' title='bbox 1042 2409 1105 2466; x_wconf 88' lang='lat' dir='ltr'>cibi.</span> 
     </span>
     <span class='ocr_line' id='line_1_21' title="bbox 68 2501 1123 2589; baseline -0.005 -12"><span class='ocrx_word' id='word_1_123' title='bbox 68 2520 147 2577; x_wconf 78' lang='lat' dir='ltr'>llaec</span> <span class='ocrx_word' id='word_1_124' title='bbox 167 2501 287 2576; x_wconf 50' lang='lat' dir='ltr'>tandem*</span> <span class='ocrx_word' id='word_1_125' title='bbox 299 2517 373 2572; x_wconf 86' lang='lat' dir='ltr'>bona</span> <span class='ocrx_word' id='word_1_126' title='bbox 395 2523 466 2589; x_wconf 83' lang='lat' dir='ltr'>sunt,</span> <span class='ocrx_word' id='word_1_127' title='bbox 490 2516 592 2589; x_wconf 88' lang='lat' dir='ltr'>quibus</span> <span class='ocrx_word' id='word_1_128' title='bbox 614 2517 799 2588; x_wconf 80' lang='lat' dir='ltr'>aegritudines</span> <span class='ocrx_word' id='word_1_129' title='bbox 817 2517 996 2588; x_wconf 85' lang='lat' dir='ltr'>grauissimae</span> <span class='ocrx_word' id='word_1_130' title='bbox 1015 2503 1123 2573; x_wconf 49' lang='lat' dir='ltr'>detra?</span> 
     </span>
     <span class='ocr_line' id='line_1_22' title="bbox 69 2622 1127 2702; baseline -0.008 -19"><span class='ocrx_word' id='word_1_131' title='bbox 69 2626 189 2699; x_wconf 82' lang='lat' dir='ltr'>hantm3</span> <span class='ocrx_word' id='word_1_132' title='bbox 212 2631 241 2681; x_wconf 90' lang='lat' dir='ltr'>tu</span> <span class='ocrx_word' id='word_1_133' title='bbox 263 2623 338 2680; x_wconf 90' lang='lat' dir='ltr'>enim</span> <span class='ocrx_word' id='word_1_134' title='bbox 360 2625 453 2696; x_wconf 89' lang='lat' dir='ltr'>paullo</span> <span class='ocrx_word' id='word_1_135' title='bbox 476 2629 538 2679; x_wconf 90' lang='lat' dir='ltr'>aule</span> <span class='ocrx_word' id='word_1_136' title='bbox 560 2641 595 2681; x_wconf 87' lang='lat' dir='ltr'>ne</span> <span class='ocrx_word' id='word_1_137' title='bbox 617 2624 772 2695; x_wconf 81' lang='lat' dir='ltr'>intelligere</span> <span class='ocrx_word' id='word_1_138' title='bbox 794 2623 953 2693; x_wconf 88' lang='lat' dir='ltr'>tequidem</span> <span class='ocrx_word' id='word_1_139' title='bbox 975 2622 1028 2679; x_wconf 91' lang='lat' dir='ltr'>alia</span> <span class='ocrx_word' id='word_1_140' title='bbox 1050 2622 1127 2702; x_wconf 26' lang='lat' dir='ltr'>ulla·</span> 
     </span>
     <span class='ocr_line' id='line_1_23' title="bbox 70 2727 1107 2802; baseline -0.004 -13"><span class='ocrx_word' id='word_1_141' title='bbox 70 2733 192 2790; x_wconf 88' lang='lat' dir='ltr'>dicebas.</span> <span class='ocrx_word' id='word_1_142' title='bbox 234 2729 371 2789; x_wconf 87' lang='lat' dir='ltr'>Reuocari</span> <span class='ocrx_word' id='word_1_143' title='bbox 399 2730 483 2801; x_wconf 78' lang='lat' dir='ltr'>igitur</span> <span class='ocrx_word' id='word_1_144' title='bbox 511 2736 639 2802; x_wconf 88' lang='lat' dir='ltr'>oportere</span> <span class='ocrx_word' id='word_1_145' title='bbox 668 2748 683 2786; x_wconf 90' lang='lat' dir='ltr'>a</span> <span class='ocrx_word' id='word_1_146' title='bbox 711 2746 836 2786; x_wconf 87' lang='lat' dir='ltr'>maerore</span> <span class='ocrx_word' id='word_1_147' title='bbox 858 2730 893 2786; x_wconf 93' lang='lat' dir='ltr'>ad</span> <span class='ocrx_word' id='word_1_148' title='bbox 914 2727 1107 2800; x_wconf 81' lang='lat' dir='ltr'>cogitationem</span> 
     </span>
     <span class='ocr_line' id='line_1_24' title="bbox 69 2836 1106 2912; baseline -0.005 -16"><span class='ocrx_word' id='word_1_149' title='bbox 69 2841 210 2900; x_wconf 86' lang='lat' dir='ltr'>bonorum</span> <span class='ocrx_word' id='word_1_150' title='bbox 231 2838 393 2894; x_wconf 88' lang='lat' dir='ltr'>conueniret</span> <span class='ocrx_word' id='word_1_151' title='bbox 413 2836 482 2893; x_wconf 81' lang='lat' dir='ltr'>milri</span> <span class='ocrx_word' id='word_1_152' title='bbox 503 2854 567 2893; x_wconf 90' lang='lat' dir='ltr'>cum</span> <span class='ocrx_word' id='word_1_153' title='bbox 588 2837 727 2910; x_wconf 83' lang='lat' dir='ltr'>Epicuro,</span> <span class='ocrx_word' id='word_1_154' title='bbox 751 2837 784 2912; x_wconf 83' lang='lat' dir='ltr'>si,</span> <span class='ocrx_word' id='word_1_155' title='bbox 807 2836 874 2907; x_wconf 85' lang='lat' dir='ltr'>quid</span> <span class='ocrx_word' id='word_1_156' title='bbox 896 2837 1106 2909; x_wconf 72' lang='lat' dir='ltr'>essebonum,</span> 
     </span>
     <span class='ocr_line' id='line_1_25' title="bbox 70 2945 241 3004; baseline -0.012 0"><span class='ocrx_word' id='word_1_157' title='bbox 70 2945 241 3004; x_wconf 80' lang='lat' dir='ltr'>conueniret.</span> 
     </span>
    </p>

    <p class='ocr_par' dir='ltr' id='par_1_4' title="bbox 69 3048 1107 3448">
     <span class='ocr_line' id='line_1_26' title="bbox 120 3048 1107 3124; baseline -0.003 -15"><span class='ocrx_word' id='word_1_158' title='bbox 120 3073 123 3078; x_wconf 64' lang='lat'><strong><em>¹</em></strong></span> <span class='ocrx_word' id='word_1_159' title='bbox 156 3053 222 3109; x_wconf 85' lang='lat' dir='ltr'>XX.</span> <span class='ocrx_word' id='word_1_160' title='bbox 254 3050 335 3108; x_wconf 82' lang='lat' dir='ltr'>Dicet</span> <span class='ocrx_word' id='word_1_161' title='bbox 363 3049 479 3119; x_wconf 90' lang='lat' dir='ltr'>aliquis:</span> <span class='ocrx_word' id='word_1_162' title='bbox 508 3050 583 3119; x_wconf 84' lang='lat' dir='ltr'>Quid</span> <span class='ocrx_word' id='word_1_163' title='bbox 604 3048 694 3123; x_wconf 81' lang='lat' dir='ltr'>ergo?</span> <span class='ocrx_word' id='word_1_164' title='bbox 727 3058 756 3108; x_wconf 92' lang='lat' dir='ltr'>tu</span> <span class='ocrx_word' id='word_1_165' title='bbox 788 3051 940 3124; x_wconf 84' lang='lat' dir='ltr'>Epicurum</span> <span class='ocrx_word' id='word_1_166' title='bbox 968 3049 1107 3108; x_wconf 87' lang='lat' dir='ltr'>existimas</span> 
     </span>
     <span class='ocr_line' id='line_1_27' title="bbox 70 3155 1107 3228; baseline -0.006 -10"><span class='ocrx_word' id='word_1_167' title='bbox 70 3160 122 3218; x_wconf 89' lang='lat' dir='ltr'>ista</span> <span class='ocrx_word' id='word_1_168' title='bbox 144 3158 269 3216; x_wconf 87' lang='lat' dir='ltr'>noluisse</span> <span class='ocrx_word' id='word_1_169' title='bbox 290 3163 336 3213; x_wconf 87' lang='lat' dir='ltr'>aut</span> <span class='ocrx_word' id='word_1_170' title='bbox 357 3156 519 3213; x_wconf 88' lang='lat' dir='ltr'>libidinosas</span> <span class='ocrx_word' id='word_1_171' title='bbox 542 3156 601 3214; x_wconf 91' lang='lat' dir='ltr'>eius</span> <span class='ocrx_word' id='word_1_172' title='bbox 629 3157 716 3214; x_wconf 84' lang='lat' dir='ltr'>luisse</span> <span class='ocrx_word' id='word_1_173' title='bbox 745 3155 916 3215; x_wconf 75' lang='lat' dir='ltr'>sententias?</span> <span class='ocrx_word' id='word_1_174' title='bbox 948 3159 1011 3228; x_wconf 78' lang='lat' dir='ltr'>Ego</span> <span class='ocrx_word' id='word_1_175' title='bbox 1038 3173 1107 3213; x_wconf 87' lang='lat' dir='ltr'>uero</span> 
     </span>
     <span class='ocr_line' id='line_1_28' title="bbox 70 3264 1107 3337; baseline -0.006 -12"><span class='ocrx_word' id='word_1_176' title='bbox 70 3267 195 3325; x_wconf 90' lang='lat' dir='ltr'>minime.</span> <span class='ocrx_word' id='word_1_177' title='bbox 228 3265 317 3322; x_wconf 84' lang='lat' dir='ltr'>Uidea</span> <span class='ocrx_word' id='word_1_178' title='bbox 341 3264 471 3321; x_wconf 85' lang='lat' dir='ltr'>animab</span> <span class='ocrx_word' id='word_1_179' title='bbox 494 3281 527 3320; x_wconf 87' lang='lat' dir='ltr'>eo</span> <span class='ocrx_word' id='word_1_180' title='bbox 551 3264 604 3320; x_wconf 90' lang='lat' dir='ltr'>dici</span> <span class='ocrx_word' id='word_1_181' title='bbox 626 3267 710 3321; x_wconf 90' lang='lat' dir='ltr'>multa</span> <span class='ocrx_word' id='word_1_182' title='bbox 728 3281 835 3337; x_wconf 89' lang='lat' dir='ltr'>seuere,</span> <span class='ocrx_word' id='word_1_183' title='bbox 854 3265 939 3321; x_wconf 88' lang='lat' dir='ltr'>multa</span> <span class='ocrx_word' id='word_1_184' title='bbox 956 3264 1107 3336; x_wconf 76' lang='lat' dir='ltr'>praeclare</span> 
     </span>
     <span class='ocr_line' id='line_1_29' title="bbox 69 3367 1107 3448; baseline -0.009 -16"><span class='ocrx_word' id='word_1_185' title='bbox 69 3376 178 3448; x_wconf 82' lang='lat' dir='ltr'>ltaque,</span> <span class='ocrx_word' id='word_1_186' title='bbox 200 3379 231 3430; x_wconf 87' lang='lat' dir='ltr'>ut</span> <span class='ocrx_word' id='word_1_187' title='bbox 251 3386 334 3443; x_wconf 90' lang='lat' dir='ltr'>saepe</span> <span class='ocrx_word' id='word_1_188' title='bbox 356 3370 423 3445; x_wconf 83' lang='lat' dir='ltr'>dixi,</span> <span class='ocrx_word' id='word_1_189' title='bbox 447 3372 481 3427; x_wconf 86' lang='lat' dir='ltr'>de</span> <span class='ocrx_word' id='word_1_190' title='bbox 504 3372 628 3428; x_wconf 85' lang='lat' dir='ltr'>acumine</span> <span class='ocrx_word' id='word_1_191' title='bbox 651 3372 741 3443; x_wconf 79' lang='lat' dir='ltr'>agitur</span> <span class='ocrx_word' id='word_1_192' title='bbox 758 3374 828 3446; x_wconf 83' lang='lat' dir='ltr'>eius,</span> <span class='ocrx_word' id='word_1_193' title='bbox 846 3388 901 3428; x_wconf 88' lang='lat' dir='ltr'>non</span> <span class='ocrx_word' id='word_1_194' title='bbox 920 3367 1107 3441; x_wconf 67' lang='lat' dir='ltr'>demonibum</span> 
     </span>
    </p>
   </div>
   <div class='ocr_carea' id='block_1_3' title="bbox 71 3634 1109 4209">
    <p class='ocr_par' dir='ltr' id='par_1_5' title="bbox 71 3634 1109 4209">
     <span class='ocr_line' id='line_1_30' title="bbox 142 3634 1107 3701; baseline -0.001 -15"><span class='ocrx_word' id='word_1_195' title='bbox 142 3634 196 3698; x_wconf 87' lang='lat' dir='ltr'>alti)</span> <span class='ocrx_word' id='word_1_196' title='bbox 215 3634 260 3683; x_wconf 90' lang='lat' dir='ltr'>alii</span> <span class='ocrx_word' id='word_1_197' title='bbox 277 3635 329 3685; x_wconf 80' lang='lat' dir='ltr'>lm.</span> <span class='ocrx_word' id='word_1_198' title='bbox 372 3637 415 3686; x_wconf 89' lang='lat' dir='ltr'>illa</span> <span class='ocrx_word' id='word_1_199' title='bbox 434 3638 459 3688; x_wconf 94' lang='grc'>11</span> <span class='ocrx_word' id='word_1_200' title='bbox 478 3637 583 3701; x_wconf 83' lang='lat' dir='ltr'>primis)</span> <span class='ocrx_word' id='word_1_201' title='bbox 601 3638 672 3687; x_wconf 91' lang='lat' dir='ltr'>illum</span> <span class='ocrx_word' id='word_1_202' title='bbox 692 3636 783 3699; x_wconf 84' lang='lat' dir='ltr'>primis</span> <span class='ocrx_word' id='word_1_203' title='bbox 799 3635 854 3687; x_wconf 78' lang='grc' dir='ltr'>ΒΡ.</span> <span class='ocrx_word' id='word_1_204' title='bbox 892 3635 957 3684; x_wconf 88' lang='grc'><strong>11111</strong></span> <span class='ocrx_word' id='word_1_205' title='bbox 975 3635 1001 3684; x_wconf 90' lang='grc'>11</span> <span class='ocrx_word' id='word_1_206' title='bbox 1020 3648 1056 3697; x_wconf 80' lang='lat' dir='ltr'>pr.</span> <span class='ocrx_word' id='word_1_207' title='bbox 1076 3634 1107 3685; x_wconf 92' lang='grc' dir='ltr'>Ο.</span> 
     </span>
     <span class='ocr_line' id='line_1_31' title="bbox 71 3717 1108 3786; baseline -0.003 -15"><span class='ocrx_word' id='word_1_208' title='bbox 71 3717 182 3784; x_wconf 82' lang='lat' dir='ltr'>astante)</span> <span class='ocrx_word' id='word_1_209' title='bbox 199 3721 339 3770; x_wconf 87' lang='lat' dir='ltr'>adstantem</span> <span class='ocrx_word' id='word_1_210' title='bbox 363 3721 417 3773; x_wconf 74' lang='grc' dir='ltr'>ΒΡ.</span> <span class='ocrx_word' id='word_1_211' title='bbox 454 3720 570 3786; x_wconf 83' lang='lat' dir='ltr'>caelatis]</span> <span class='ocrx_word' id='word_1_212' title='bbox 597 3724 685 3771; x_wconf 83' lang='lat' dir='ltr'>celatis</span> <span class='ocrx_word' id='word_1_213' title='bbox 708 3721 739 3770; x_wconf 87' lang='lat' dir='ltr'>R.</span> <span class='ocrx_word' id='word_1_214' title='bbox 775 3720 888 3781; x_wconf 81' lang='lat' dir='ltr'>regifice)</span> <span class='ocrx_word' id='word_1_215' title='bbox 908 3719 1038 3780; x_wconf 80' lang='lat' dir='ltr'>regificem</span> <span class='ocrx_word' id='word_1_216' title='bbox 1055 3720 1108 3770; x_wconf 79' lang='grc' dir='ltr'>ΒΡ.</span> 
     </span>
     <span class='ocr_line' id='line_1_32' title="bbox 71 3802 1108 3869; baseline 0 -15"><span class='ocrx_word' id='word_1_217' title='bbox 71 3803 114 3854; x_wconf 76' lang='lat'>45.</span> <span class='ocrx_word' id='word_1_218' title='bbox 132 3802 216 3868; x_wconf 77' lang='lat' dir='ltr'>regis)</span> <span class='ocrx_word' id='word_1_219' title='bbox 232 3805 309 3866; x_wconf 85' lang='lat' dir='ltr'>regiis</span> <span class='ocrx_word' id='word_1_220' title='bbox 327 3802 358 3854; x_wconf 91' lang='grc' dir='ltr'>Ο.</span> <span class='ocrx_word' id='word_1_221' title='bbox 393 3805 531 3869; x_wconf 85' lang='lat' dir='ltr'>sanguine]</span> <span class='ocrx_word' id='word_1_222' title='bbox 551 3807 735 3869; x_wconf 82' lang='lat' dir='ltr'>sanguiucmll</span> <span class='ocrx_word' id='word_1_223' title='bbox 779 3803 820 3854; x_wconf 84' lang='grc'>46.</span> <span class='ocrx_word' id='word_1_224' title='bbox 838 3804 1047 3854; x_wconf 86' lang='lat' dir='ltr'>adducamus-</span> <span class='ocrx_word' id='word_1_225' title='bbox 1065 3805 1108 3854; x_wconf 92' lang='lat' dir='ltr'>in-</span> 
     </span>
     <span class='ocr_line' id='line_1_33' title="bbox 72 3887 1109 3954; baseline 0.001 -15"><span class='ocrx_word' id='word_1_226' title='bbox 72 3887 233 3953; x_wconf 86' lang='lat' dir='ltr'>cendamus)</span> <span class='ocrx_word' id='word_1_227' title='bbox 251 3889 390 3939; x_wconf 87' lang='lat' dir='ltr'>aducamus</span> <span class='ocrx_word' id='word_1_228' title='bbox 408 3891 499 3941; x_wconf 90' lang='lat' dir='ltr'>damus</span> <span class='ocrx_word' id='word_1_229' title='bbox 516 3893 651 3953; x_wconf 72' lang='lat' dir='ltr'>hedrycum</span> <span class='ocrx_word' id='word_1_230' title='bbox 670 3891 837 3940; x_wconf 85' lang='lat' dir='ltr'>incendamus</span> <span class='ocrx_word' id='word_1_231' title='bbox 855 3889 895 3954; x_wconf 88' lang='lat' dir='ltr'>R.‚</span> <span class='ocrx_word' id='word_1_232' title='bbox 913 3888 958 3938; x_wconf 76' lang='lat' dir='ltr'>sed</span> <span class='ocrx_word' id='word_1_233' title='bbox 975 3902 1042 3939; x_wconf 85' lang='lat' dir='ltr'>corr.</span> <span class='ocrx_word' id='word_1_234' title='bbox 1061 3892 1109 3940; x_wconf 90' lang='grc'>11-</span> 
     </span>
     <span class='ocr_line' id='line_1_34' title="bbox 72 3973 1109 4038; baseline 0.001 -14"><span class='ocrx_word' id='word_1_235' title='bbox 72 3974 206 4038; x_wconf 88' lang='lat' dir='ltr'>ducamus,</span> <span class='ocrx_word' id='word_1_236' title='bbox 223 3973 381 4035; x_wconf 70' lang='lat' dir='ltr'>hedrycrum.</span> <span class='ocrx_word' id='word_1_237' title='bbox 399 3975 537 4025; x_wconf 86' lang='lat' dir='ltr'>aducamus</span> <span class='ocrx_word' id='word_1_238' title='bbox 555 3977 645 4025; x_wconf 87' lang='lat' dir='ltr'>damus</span> <span class='ocrx_word' id='word_1_239' title='bbox 663 3975 811 4034; x_wconf 69' lang='lat' dir='ltr'>hedrycrum</span> <span class='ocrx_word' id='word_1_240' title='bbox 830 3973 995 4024; x_wconf 86' lang='lat' dir='ltr'>incendamus</span> <span class='ocrx_word' id='word_1_241' title='bbox 1004 3974 1032 4023; x_wconf 83' lang='grc' dir='ltr'>Ρ.</span> <span class='ocrx_word' id='word_1_242' title='bbox 1060 3976 1109 4025; x_wconf 89' lang='lat' dir='ltr'>ad-</span> 
     </span>
     <span class='ocr_line' id='line_1_35' title="bbox 72 4056 1109 4124; baseline 0 -16"><span class='ocrx_word' id='word_1_243' title='bbox 72 4057 599 4121; x_wconf 64' lang='grc'><strong>1111111113111111111111111111110.</strong></span> <span class='ocrx_word' id='word_1_244' title='bbox 626 4056 1016 4122; x_wconf 78' lang='lat' dir='ltr'>grauissimac)grauissumcll.</span> <span class='ocrx_word' id='word_1_245' title='bbox 1043 4058 1109 4124; x_wconf 86' lang='lat' dir='ltr'>ulla)</span> 
     </span>
     <span class='ocr_line' id='line_1_36' title="bbox 73 4138 1057 4209; baseline -0.002 -15"><span class='ocrx_word' id='word_1_246' title='bbox 73 4142 155 4194; x_wconf 83' lang='lat' dir='ltr'>multa</span> <span class='ocrx_word' id='word_1_247' title='bbox 173 4142 227 4195; x_wconf 73' lang='grc' dir='ltr'>ΒΡ.</span> <span class='ocrx_word' id='word_1_248' title='bbox 262 4142 392 4209; x_wconf 84' lang='lat' dir='ltr'>oportere)</span> <span class='ocrx_word' id='word_1_249' title='bbox 409 4149 508 4207; x_wconf 76' lang='lat' dir='ltr'>oportet</span> <span class='ocrx_word' id='word_1_250' title='bbox 524 4157 554 4196; x_wconf 89' lang='lat' dir='ltr'>ca</span> <span class='ocrx_word' id='word_1_251' title='bbox 571 4144 624 4195; x_wconf 76' lang='grc' dir='ltr'>ΒΡ.</span> <span class='ocrx_word' id='word_1_252' title='bbox 659 4141 803 4209; x_wconf 81' lang='lat' dir='ltr'>existimas)</span> <span class='ocrx_word' id='word_1_253' title='bbox 821 4144 983 4195; x_wconf 75' lang='lat' dir='ltr'>existimabas</span> <span class='ocrx_word' id='word_1_254' title='bbox 999 4138 1057 4194; x_wconf 80' lang='lat' dir='ltr'>ar.</span> 
     </span>
    </p>
   </div>
   <div class='ocr_carea' id='block_1_4' title="bbox 881 4245 900 4294">
    <p class='ocr_par' dir='ltr' id='par_1_6' title="bbox 881 4245 900 4294">
     <span class='ocr_line' id='line_1_37' title="bbox 881 4245 900 4294; baseline 0 0"><span class='ocrx_word' id='word_1_255' title='bbox 881 4245 900 4294; x_wconf 78' lang='grc'>7</span> 
     </span>
    </p>
   </div>
   <div class='ocr_carea' id='block_1_5' title="bbox 0 0 1323 4634">
    <p class='ocr_par' dir='ltr' id='par_1_7' title="bbox 0 0 1323 4634">
     <span class='ocr_line' id='line_1_38' title="bbox 0 0 1323 4634; baseline 0 0"><span class='ocrx_word' id='word_1_256' title='bbox 0 0 1323 4634; x_wconf 95' lang='lat' dir='ltr'> </span> 
     </span>
    </p>
   </div>
  </div>
 </body>
</html>
