2610 4634
136 291 197 354 10⁰
349 306 959 354 ruscorumnrsrurarrouuu

135 513 192 553 non
214 495 327 554 suntin
348 497 403 553 hoc
425 496 525 554 omnia.
575 496 740 569 Quanquam
770 497 890 554 hostium
913 515 1017 571 repens
1040 497 1171 560 aduentus

135 602 223 675 magis
245 603 385 675 aliquanto
408 604 552 660 conturbat
567 619 650 676 quam
667 610 835 677 expectatus,
855 610 882 660 et
899 603 985 662 maris
1000 607 1096 664 subita
1105 615 1171 665 tem·

136 716 228 782 postas
260 728 344 783 quam
371 716 433 766 ante
461 709 573 782 prouisa
601 682 685 767 terret
712 711 873 782 nauigantes
902 713 1118 788 uehementius,
1147 722 1173 772 et

134 817 272 874 eiusmodi
293 822 356 873 suut
375 817 517 889 pleraque.
573 818 628 873 Sed
657 835 743 890 quum
771 817 919 890 diligenter
944 820 1172 894 necopinatorum

134 930 258 982 naturam
281 922 457 996 consideres,
486 923 555 979 nihil
573 924 653 980 aliud
675 925 798 996 reperias
821 925 875 981 nisi
897 926 992 982 omnia
1013 927 1107 984 uideri
1127 945 1172 985 su·

135 1031 191 1088 hita
211 1030 316 1085 maiora
338 1029 499 1102 etquidem
521 1031 557 1086 ob
580 1031 649 1087 duas
672 1048 785 1104 causas;
800 1031 933 1105 ,primum
955 1035 1051 1109 quod,
1075 1041 1173 1108 quanta

133 1136 202 1208 sint,
231 1153 302 1209 quae
324 1137 464 1207 accidunt,
494 1138 686 1194 considerandi
716 1138 834 1210 spatium
855 1156 913 1195 oon
940 1141 1039 1215 datur,
1074 1141 1173 1199 deinde

132 1245 210 1316 quod
231 1243 340 1300 uidetur
362 1243 521 1316 praecaueri
542 1244 677 1318 potuisse,
695 1244 718 1300 si
737 1245 882 1317 prouisum
901 1253 985 1321 esset,
998 1247 1081 1320 quasi
1093 1250 1171 1320 culpa

134 1357 302 1408 contractum
323 1353 426 1407 malum
448 1350 649 1422 aegritudinem
670 1351 806 1408 acriorem
828 1353 901 1409 iacit.
956 1351 1008 1411 53.
1032 1354 1116 1423 Quod
1136 1353 1172 1412 ita

132 1475 194 1515 esse
216 1457 276 1514 dies
298 1459 428 1532 declarat,
451 1475 522 1531 quae
544 1459 697 1532 procedens
720 1459 757 1515 ita
778 1459 893 1534 mitigat,
916 1467 947 1516 ut
968 1458 1071 1517 iisdem
1092 1460 1172 1517 malis

132 1566 306 1624 manentibus
328 1584 383 1623 nou
409 1567 492 1623 modo
516 1565 632 1623 leniatur
653 1565 808 1637 aegritudo,
831 1565 931 1623 sedin
953 1567 1097 1640 plerisque
1118 1570 1172 1626 tol·

131 1669 212 1726 latur.
245 1669 489 1743 Karthaginienses
507 1672 701 1729 multillomae
724 1671 889 1746 semiesum,
912 1674 1085 1732 Macedones
1106 1693 1172 1748 rege

131 1776 217 1831 Perse
239 1783 334 1850 capto;
363 1778 421 1835 uidi
444 1779 525 1834 etiam
547 1778 576 1834 in
597 1780 810 1850 Peloponneso,
844 1796 930 1852 quum
953 1797 1046 1838 essem
1075 1783 1170 1840 adole·

131 1897 222 1955 scens,
245 1883 381 1954 quosdam
402 1885 572 1942 Corinthios.
618 1887 656 1941 Hi
679 1891 805 1959 poterant
826 1903 924 1942 omnes
946 1888 1044 1946 eadem
1067 1889 1172 1947 iliade

131 1987 325 2046 Andromacha
337 1991 496 2063 deplorare:
520 1993 597 2048 Haec
609 1996 702 2049 omnia
713 1996 802 2050 eidi...
809 2011 821 2064 ,-
833 1994 883 2050 sed
894 1993 949 2049 iam
960 1994 1172 2053 decantauerant

131 2093 256 2151 fortasse.
299 2097 343 2153 Eo
366 2097 440 2154 enim
463 2105 540 2156 erant
561 2100 655 2170 uultu,
680 2099 820 2173 oratione,
850 2100 927 2156 omni
955 2101 1065 2174 reliquo
1094 2109 1171 2160 motu

132 2210 160 2260 et
181 2209 267 2277 statu,
297 2210 328 2261 ut
349 2222 397 2262 eos
427 2206 546 2278 Argiuos
574 2212 620 2262 aut
643 2206 788 2278 Sicyonios
810 2207 936 2276 diceres3
959 2208 1106 2282 magisque
1125 2226 1172 2267 me

68 2349 71 2353 ›
131 2317 276 2367 mouerant
297 2311 422 2368 Corinthi
452 2313 544 2369 subito
573 2321 699 2385 aspectae
726 2313 876 2386 parietinae
901 2331 985 2386 quam
1013 2315 1092 2387 ipsos
1114 2316 1170 2374 Co-

130 2416 263 2488 rinthios,
297 2435 417 2490 quorum
443 2418 541 2475 animis
574 2419 701 2478 diuturna
734 2421 863 2492 cogitatio
896 2422 998 2478 callum
1026 2423 1169 2480 uetustatis

132 2524 294 2582 obduxerat.
339 2521 388 2583 54.
410 2526 543 2597 Legimus
565 2506 668 2584 librum
690 2528 869 2601 Clitomachi,
892 2507 977 2600 quem
998 2530 1048 2586 ille
1070 2547 1170 2587 euersa

131 2632 300 2703 Karthagine
321 2631 398 2689 misit
408 2634 579 2690 'consolandi
602 2651 684 2691 eausa
705 2634 740 2691 ad
766 2634 890 2707 captiuos
919 2635 995 2692 ciues
1024 2653 1107 2711 suos;
1140 2639 1169 2693 in

132 2755 165 2794 eo
188 2746 230 2795 est
250 2739 397 2811 disputatio
420 2740 520 2812 scripta
543 2740 702 2815 Carneadis,
725 2758 810 2814 quam
835 2758 865 2798 se
887 2741 925 2798 ait
945 2741 976 2798 in
997 2749 1169 2801 commenta·

132 2847 205 2901 rium
227 2845 374 2902 rettulisse.
407 2847 499 2914 Quum
522 2848 559 2905 ita
581 2849 701 2921 positum
724 2853 807 2922 esset,
830 2848 919 2904 uideri
941 2849 1002 2905 iore
1024 2848 1054 2905 in
1076 2848 1169 2919 aegri·

130 2951 226 3007 tudine
256 2952 406 3024 sapientem
433 2953 521 3024 patria
543 2961 636 3027 capta,
666 2972 736 3026 quae
760 2955 918 3012 Carneades
941 2956 1169 3030 contradixerit,

131 3055 232 3127 scripta
260 3063 332 3112 sunt.
387 3058 473 3114 Tanta
500 3057 584 3129 igitur
614 3060 773 3117 calamitatis
803 3062 956 3134 praesentis
983 3062 1170 3119 adhibetura

130 3161 298 3234 philosopho
320 3163 472 3239 medicina,
501 3173 602 3237 quanta
629 3168 657 3224 in
680 3167 830 3227 inueterata
852 3189 887 3228 ne
909 3169 1083 3228 desideratur
1104 3169 1170 3242 qui-

131 3270 212 3343 dem3
235 3287 287 3327 nec
308 3270 331 3327 si
353 3270 460 3344 aliquot
480 3274 559 3329 annis
581 3282 644 3346 post
664 3276 740 3333 idem
761 3277 809 3337 ille
832 3277 904 3334 liber
927 3277 1042 3350 captiuis
1064 3277 1169 3334 missus

131 3385 214 3452 esset,
235 3377 399 3435 uulneribus
421 3381 588 3456 mederetur,
611 3383 661 3439 sed
683 3383 864 3441 cicatricibus.
910 3384 1020 3441 Sensim
1043 3383 1118 3441 enim
1141 3389 1170 3441 et

130 3486 297 3558 pedetentim
324 3487 506 3560 progrediens
534 3476 697 3548 extenuatur
724 3492 822 3565 dolor3
856 3508 911 3547 non
945 3507 1001 3563 quo
1031 3490 1093 3563 ipsa
1121 3507 1169 3547 res

129 3593 267 3650 immutari
289 3597 376 3653 soleat
396 3602 442 3652 aut
463 3597 570 3670 possit,
599 3599 648 3654 sed
670 3599 713 3670 id,
737 3599 812 3672 quod
834 3599 903 3655 ratio
926 3598 1075 3673 debuerat,
1099 3615 1169 3655 usus

130 3698 219 3771 docet,
242 3700 349 3759 minora
370 3719 432 3759 esse
454 3720 496 3778 ea,
520 3720 591 3776 quae
613 3704 668 3761 sint
688 3706 749 3761 uisa
771 3705 883 3762 maiora.

129 3832 437 3849 Μ

196 3884 322 3949 reperias)
339 3888 468 3949 repperias
486 3889 517 3938 ll.
552 3891 619 3951 quod
638 3890 756 3955 uidetur)
773 3903 852 3952 quum
876 3891 977 3941 uidetur
1002 3892 1082 3942 11Ρο.
1123 3892 1166 3942 53.

128 3965 367 4035 Karthaginienses)
393 3974 607 4035 Karthaginenses
630 3976 658 4025 P.
700 3974 898 4038 Andromacha)
919 3974 1091 4027 Antromaeha
1111 3977 1169 4030 KP.-

129 4050 244 4111 diccres)
263 4050 347 4102 dicere
365 4055 416 4103 RP.
454 4058 604 4122 mouerant)
621 4066 781 4111 marcuerant
797 4059 827 4109 P.
865 4063 993 4126 aspectae)
1012 4069 1114 4125 aspecta
1132 4064 1165 4116 lt.

127 4142 230 4197 aspectu
249 4134 277 4184 P.
317 4135 359 4187 ot.
378 4138 404 4188 in
423 4140 575 4204 inueterata)
592 4144 731 4195 inueterata
748 4145 802 4195 KP.
