2610 4634
366 295 441 344 nro.
464 283 515 344 ill.
559 299 645 346 cnr.
666 284 804 348 28-29.
1055 289 1114 351 107

77 505 224 549 accusasse
254 493 380 546 naturam
414 488 529 562 dieitur,
563 490 639 563 quod
668 491 757 547 ceruis
785 497 812 548 et
840 491 998 549 cornicibus
1029 493 1115 552 uitam

77 598 252 670 diuturnam,
286 613 405 669 quorum
437 595 466 653 id
497 596 567 653 nibil
599 597 754 670 interesset,
786 598 961 673 bominibus,
995 617 1115 673 quorum

26 739 28 743 ·
76 704 200 762 maxime
221 703 405 777 interfuisset,
434 710 489 760 tam
516 703 643 774 exiguam
669 704 755 760 uitam
777 705 915 777 dedisset3
949 722 1068 779 quorum
1091 707 1115 764 si

77 818 152 869 aetas
175 810 311 882 potuisset
336 827 399 868 esse
426 810 620 884 longinquior,
648 811 771 867 luiturum
798 812 901 887 luisse,
929 820 960 869 ut
986 814 1115 871 omnibus

77 917 209 992 perlectis
231 917 336 974 artibus
359 905 434 974 omui
456 918 580 974 doctrina
601 919 745 974 bominum
767 919 823 976 uita
840 920 1004 978 erudiretur.
1038 921 1115 988 Que-

77 1027 191 1082 rebatur
211 1024 296 1096 igitur
322 1041 352 1080 se
378 1031 453 1095 tum,
487 1042 573 1098 quum
600 1026 647 1081 illa
675 1026 772 1082 uidere
800 1026 954 1102 coepisset,
983 1025 1115 1100 extingui.

77 1129 177 1202 Quid?
208 1147 244 1187 ex
271 1132 368 1188 ceteris
397 1132 572 1204 pbilosophis
604 1150 698 1189 nonne
725 1133 845 1206 optimus
878 1141 905 1190 ot
934 1134 1115 1206 grauissimus

77 1239 198 1312 quisque
218 1238 365 1294 confitetur
384 1240 471 1295 multa
498 1256 527 1295 se
549 1238 678 1310 ignorare
700 1246 728 1297 et
747 1242 833 1297 multa
855 1241 908 1298 sibi
930 1242 1012 1299 etiam
1034 1250 1116 1315 atque

78 1345 162 1403 etiam
183 1361 245 1403 esse
279 1344 427 1417 discenda3
461 1344 511 1404 70.
540 1362 631 1419 neque
661 1355 770 1420 tamen,
799 1363 886 1420 quum
915 1365 945 1406 se
973 1350 1001 1405 in
1023 1350 1116 1406 media

79 1451 210 1524 stultitia,
243 1469 299 1525 qua
319 1451 389 1507 nibil
412 1457 454 1508 est
481 1454 576 1527 peius,
605 1454 719 1510 haerere
741 1453 910 1528 intelligant,
945 1456 1115 1526 aegritudine

76 1564 249 1634 premuntur.
302 1559 387 1615 Nulla
419 1557 494 1614 enim
525 1560 691 1617 admiscetur
725 1561 820 1634 opinio
853 1561 971 1618 officiosi
999 1562 1115 1619 doloris.

76 1668 163 1741 Quid,
185 1665 234 1740 qui
256 1682 312 1722 non
333 1671 430 1738 putant
451 1666 603 1737 lugendum
624 1664 716 1724 uiris?
738 1667 828 1741 qualis
851 1667 904 1725 luit
919 1669 953 1737 Q.
976 1671 1115 1727 Maximus
1196 1673 1203 1680 '

77 1775 196 1832 eliercns
218 1774 307 1829 filium
336 1774 525 1846 consularem,
559 1773 649 1845 qualis
678 1773 711 1829 L.
740 1775 992 1834 Paullusduobus
1020 1775 1116 1849 paucis

76 1882 178 1940 diebus
200 1879 309 1937 amissis
331 1878 409 1951 liliis,
430 1881 520 1953 qualis
542 1881 582 1938 Μ.
602 1879 669 1936 Cato
692 1888 818 1953 praetore
840 1883 983 1956 designato
1005 1890 1115 1941 mortuo

74 1990 146 2062 lilio,
169 1989 266 2061 quales
288 1986 399 2060 reliqui,
422 2003 492 2060 quos
514 1986 543 2043 in
565 1989 753 2045 consolatione
776 1991 956 2064 collegimus3
978 1990 1028 2050 it.
1048 1986 1116 2064 quid

75 2097 129 2154 hos
142 2095 218 2153 aliud
228 2093 356 2168 placauit,
369 2094 422 2151 nisi
434 2094 511 2166 quod
523 2096 627 2150 luctum
639 2102 667 2151 et
677 2113 831 2154 maerorem
843 2115 905 2155 esse
917 2115 972 2155 non
984 2099 1117 2171 putabant

72 2201 152 2261 uiri?
173 2204 250 2274 Ergo
271 2202 312 2268 id,
335 2202 410 2273 quod
432 2202 480 2258 alii
502 2208 607 2258 rectum
626 2202 769 2274 opinantes
796 2204 960 2275 aegritudini
977 2223 1007 2262 se
1025 2207 1117 2262 solent

75 2308 190 2380 dedere,
213 2309 243 2364 id
263 2309 293 2365 bi
314 2314 394 2381 turpe
411 2314 535 2381 putantes
555 2309 755 2380 aegritudinem
772 2312 959 2383 reppulerunt.
999 2314 1116 2384 Exque

75 2415 239 2488 intelligitur
260 2432 318 2472 non
339 2415 368 2471 in
398 2423 522 2490 natura,-
540 2417 589 2474 sed
616 2416 645 2472 in
668 2417 799 2488 opinione
821 2434 883 2474 esse
905 2415 1115 2487 aegritudinem.

162 2523 270 2581 xxix.
299 2523 401 2580 Contra
423 2523 552 2580 dicuntur
573 2523 649 2579 haec.
694 2524 762 2592 Quis
785 2530 840 2580 taur
861 2524 992 2594 demens,
1015 2527 1045 2577 ut
1066 2537 1117 2576 sua

74 2635 220 2690 uoluntate
240 2626 385 2686 maereat?
406 2631 510 2687 Natura
531 2630 609 2686 alferi
631 2631 767 2704 dolorem,
790 2633 833 2686 cui
852 2630 964 2702 quidem
987 2628 1114 2699 Crantor,

76 2740 217 2812 inquiunt,
239 2742 333 2792 uester
354 2737 508 2793 cedendum
530 2743 623 2809 putat3
646 2737 747 2808 premit
768 2736 841 2794 euim
864 2743 945 2809 atque
961 2735 1051 2806 instat,
1064 2741 1116 2789 nec

76 2845 168 2905 resisti
191 2848 290 2917 potest
333 2845 431 2916 ltaque
454 2843 553 2900 Oileus
575 2844 623 2901 ille
646 2845 718 2916 apud
746 2843 931 2916 Sophoclem,
960 2841 1008 2914 qui
1032 2840 1115 2897 'lela-
1178 2903 1180 2907 7

74 2968 189 3010 monem
211 2957 289 3007 antea
310 2950 345 3007 de
366 2950 458 3007 Aiacis
479 2958 568 3009 morte
590 2954 746 3009 consolatus
774 2955 862 3025 esset,
890 2950 914 3007 is
949 2965 1035 3022 quum
1065 2964 1115 3004 au·

75 3059 194 3117 diuisset
215 3058 251 3114 de
279 3053 346 3132 suo',
381 3058 483 3116 tractus
506 3066 556 3116 cst.
606 3061 648 3116 lle
677 3059 755 3117 euius
777 3064 941 3116 commutata
961 3063 1053 3115 mente
1076 3053 1117 3113 sic

74 3168 192 3226 diciturz

162 3276 218 3333 Nec
239 3293 305 3331 uero
329 3280 409 3330 tanto
425 3277 572 3346 praeditus
595 3277 734 3345 sapientia

166 3380 323 3455 Quisquam
344 3386 393 3454 est,
417 3383 466 3453 qui
488 3381 610 3436 oliorum
631 3399 789 3437 amumnom
811 3382 891 3436 dictis
914 3378 1041 3457 olleuone

159 3489 226 3547 Non
245 3491 326 3564 idem,
350 3485 434 3562 quum
453 3489 571 3561 fortuna
591 3493 700 3544 mutato
720 3490 850 3560 impetum

144 3796 188 3846 69.
210 3801 261 3846 tam
284 3795 416 3857 exiguam)
434 3793 487 3851 tam
510 3798 626 3858 exiguam
644 3798 696 3847 liP.
742 3793 919 3859 Querebatur)
942 3795 1064 3857 querebat
1080 3793 1115 3844 ti.

73 3882 155 3932 multa
173 3879 243 3944 sibl)
269 3881 344 3929 multi
368 3881 417 3930 sibi
440 3881 493 3930 ΒΡ.
537 3880 672 3946 discenda)
691 3882 798 3931 dicenda
821 3881 849 3929 P.
894 3879 936 3929 70.
960 3876 1117 3943 lugendum)

74 3965 295 4028 iungendarum).
320 3964 441 4030 etlerens)
454 3969 573 4016 etlerrens
582 3967 613 4014 R.
633 3965 751 4029 arnissis)
760 3966 849 4014 amisis
862 3965 894 4018 li.
922 3966 1023 4028 reliqui,
1035 3963 1119 4028 quos)

73 4052 190 4112 reliquos
205 4051 245 4113 P,
270 4051 316 4100 aad
333 4063 401 4100 corr.
419 4052 452 4100 in
466 4051 557 4112 reliqui
575 4062 648 4112 quos.
692 4048 733 4098 il.
752 4049 909 4114 audiuisset)
926 4051 1042 4100 audisset
1057 4047 1116 4098 ΡΟ.

72 4133 138 4200 suo)
154 4135 195 4186 sui
215 4133 247 4185 0.
