2610 4634
197 266 239 331 08
401 278 627 324 rosensem.
665 276 1012 338 uisrurarronurr

198 469 326 545 quamuis
348 476 460 544 spernat
479 470 634 541 uoluptates
657 486 714 544 eas,
737 485 807 542 quas
831 467 915 524 modo
933 465 1069 540 laudauit,
1081 483 1136 538 ego
1149 473 1233 524 tamen

197 579 362 652 meminero,
385 578 461 650 quod
482 576 608 633 uideatur
629 577 654 632 ei
677 592 815 633 summum
832 575 965 651 honum·
980 575 1046 631 Non
1062 573 1141 631 enim
1150 575 1233 632 uerbo
1280 622 1285 634 .

199 687 290 744 solum
312 687 406 757 posuit
426 685 606 756 uoluptatem,
629 683 679 738 sed
701 681 867 755 explauauit,
889 681 958 754 quid
979 681 1094 737 diceret.
1123 683 1233 756 „Sapo-

199 809 269 867 rem‚
291 791 389 865 inquit,
412 797 440 847 et
467 807 616 861 corporum
638 792 815 862 complexum
836 794 863 844 et
883 789 965 844 ludus
986 794 1071 861 atque
1092 795 1190 846 cautus
1211 795 1236 845 ct
1271 803 1279 818 ·

199 899 303 956 lormas
331 915 394 972 eas,
420 897 522 970 quihus
551 896 625 952 oculi
653 896 772 953 iucundo
800 892 991 951 moueantur.”
1046 895 1123 952 Num
1151 895 1235 966 lingo,

199 1021 266 1062 uum
288 1000 428 1061 mentior?
451 1003 539 1075 Cupio
561 1002 663 1059 refelli.
696 1002 770 1070 Quid
788 1001 863 1058 onim
879 1003 988 1076 laboro,
1006 1001 1062 1059 nisi
1084 1009 1115 1060 ut
1138 1003 1236 1060 ueritas

199 1111 228 1167 in
251 1110 327 1167 omni
349 1110 510 1183 quaestione
532 1105 707 1181 explicetur'l
739 1108 793 1167 47.
814 1109 850 1165 dt
872 1110 945 1164 idem
967 1109 1005 1166 ait
1032 1126 1089 1166 non
1112 1127 1235 1167 crescere

199 1219 370 1289 uoluptatem
392 1219 490 1273 dolore
512 1217 632 1273 detracto
655 1232 847 1289 summamque
862 1218 1033 1288 uoluptatem
1048 1217 1118 1272 nihil
1131 1218 1235 1274 dolere.

200 1324 300 1381 Paucis
321 1324 416 1381 uerbis
438 1324 489 1381 tria
511 1341 610 1396 magna
643 1330 762 1397 peccata.
818 1324 925 1395 Unum,
953 1324 1030 1395 quod
1060 1341 1158 1381 secum
1178 1324 1237 1396 ipsc

200 1438 314 1504 pugnat.
346 1432 433 1491 Modo
456 1433 532 1488 enim
551 1450 587 1489 ue
609 1431 744 1504 suspicari
766 1429 878 1503 quidem
900 1446 931 1485 sc
954 1431 1104 1503 quicquam
1121 1432 1236 1501 bouum,

200 1539 254 1597 uisi
277 1556 374 1597 sensus
396 1538 474 1615 quasi
498 1539 671 1596 titillarentur
698 1539 857 1610 uoluptate;
886 1553 960 1592 nuuc
986 1543 1079 1594 autem
1102 1555 1238 1597 summam

200 1648 370 1718 uoluptatem
399 1663 461 1704 esse
489 1647 586 1702 dolore
612 1661 714 1701 carere.
769 1645 897 1700 Potestne
929 1644 1018 1714 magis
1048 1661 1146 1702 secum
1178 1646 1237 1719 ipse

201 1749 348 1823 pugnare?
380 1752 506 1809 Alterum
528 1759 685 1825 peccatum,
708 1752 799 1824 quod,
823 1748 960 1823 quum'iu
982 1757 1079 1808 natura
1100 1751 1154 1809 tria
1176 1753 1237 1826 sint,

200 1871 287 1914 unum
309 1858 440 1931 gaudere,
464 1860 580 1914 alterum
602 1860 709 1931 dolere,
732 1858 841 1915 tertium
859 1875 910 1914 ncc
927 1860 1049 1930 gaudere
1067 1875 1120 1914 nec
1131 1860 1238 1933 dolere,

200 1963 247 2019 hic
262 1964 388 2036 primum
417 1972 444 2021 et
472 1964 583 2023 tertium
610 1971 688 2036 putat
715 1965 789 2021 idem
816 1981 878 2021 esse
905 1982 957 2021 uec
978 1965 1124 2036 distinguit
1145 1983 1161 2022 a
1183 1983 1239 2024 nou

201 2071 323 2127 dolendo
345 2073 523 2144 uoluptatem.
558 2071 681 2129 Tertium
703 2079 846 2144 peccatum
868 2088 1013 2128 commune
1035 2089 1099 2128 curn
1120 2074 1240 2146 quihus·

202 2179 278 2252 dam,
300 2179 386 2254 quod,
409 2196 495 2254 quum
516 2179 605 2237 uirtus
627 2179 745 2235 maxime
768 2185 920 2252 expetatur,
944 2179 1060 2252 eiusque
1083 2180 1240 2252 adipiscen-

203 2285 254 2342 dae
277 2302 359 2343 causa
379 2286 556 2359 philosophia
578 2286 701 2360 quaesita
724 2285 768 2360 sit,
791 2285 839 2342 illc
861 2304 877 2344 a
900 2286 1002 2343 uirtute
1024 2304 1165 2345 summum
1188 2290 1241 2347 bo.

203 2409 269 2449 num
291 2393 437 2464 separauit
491 2391 542 2452 48.
574 2393 611 2451 tr
637 2393 731 2449 laudat
757 2410 839 2465 saepe
868 2393 1006 2450 uirtutem.
1060 2395 1098 2450 Et
1126 2397 1241 2469 quidem

204 2498 236 2556 G.
266 2498 405 2556 Gracchus
433 2516 521 2574 quum
553 2499 713 2571 largitiones
745 2499 877 2556 maximas
905 2500 1016 2557 lecisset
1044 2508 1071 2558 et
1097 2501 1241 2563 effudisset

203 2607 356 2680 aerarium,
380 2608 473 2665 uerbis
495 2614 586 2665 tamen
607 2608 773 2664 defendebat
794 2606 940 2666 aerarium.
983 2608 1059 2676 Quid
1081 2611 1169 2668 uerba
1190 2629 1240 2668 au·

204 2713 287 2788 diam,
309 2732 395 2788 quum
418 2715 487 2773 lacta
509 2711 640 2771 uideam?
662 2715 727 2771 Piso
744 2713 792 2770 ille
803 2715 887 2785 Frugi
905 2730 1015 2786 semper
1037 2723 1132 2774 contra
1149 2719 1242 2789 legem

204 2821 411 2879 frumentariam
443 2822 557 2878 dixerat.
606 2817 634 2877 ls
664 2822 726 2892 lege
754 2823 806 2878 lata
834 2821 986 2878 consularis
1014 2823 1050 2878 ad
1071 2825 1242 2883 frumentum

203 2927 396 3000 accipiundum
418 2934 539 2984 uenerat.
582 2928 712 2984 Animum
728 2928 845 2983 aduertit
856 2927 996 2984 Gracchus
1013 2929 1041 2985 in
1054 2931 1183 2991 contione
1194 2931 1242 2989 Pi·

204 3049 301 3091 sonem
323 3040 455 3105 stantem3
478 3033 584 3106 quaerit
605 3033 733 3089 audiente
755 3035 860 3106 populo
872 3036 1008 3108 Romano,
1030 3038 1079 3109 qui
1095 3038 1150 3094 sibi
1173 3056 1241 3096 con·

195 3146 266 3217 stet,
290 3156 376 3213 quum
398 3156 430 3196 ca
451 3141 514 3210 lege
536 3139 704 3197 frumentum
726 3147 815 3212 petat,
838 3157 921 3214 quam
943 3142 1115 3201 dissuaserit
1159 3146 1242 3218 „No-

202 3241 270 3322 ljm,
297 3246 401 3320 inquit,
429 3264 491 3304 mea
512 3248 601 3320 hona,
631 3247 770 3320 Graccho,
792 3247 843 3304 tibi
864 3248 969 3305 uiritim
989 3249 1116 3309 diuidere
1137 3252 1241 3328 libcat;

206 3356 255 3415 scd
279 3355 304 3412 si
324 3354 423 3428 facias,
448 3361 557 3427 ,partem
579 3350 697 3426 petam.''
748 3355 885 3410 Parumne
907 3357 1057 3414 declarauit
1081 3357 1126 3415 uir
1147 3359 1243 3430 grauis

206 3469 233 3520 ct
259 3463 368 3536 sapiens
398 3465 459 3535 lege
492 3460 657 3535 Sempronia
688 3461 884 3533 patrimonium
913 3458 1055 3535 publicum
1088 3464 1241 3539 dissipari?

205 3570 281 3642 Lege
303 3572 441 3627 orationes
463 3569 595 3644 Gracchi,
619 3573 764 3641 patronum
786 3569 873 3625 aerari
896 3586 958 3646 esse
980 3571 1064 3626 dices.
1108 3570 1159 3631 49.
1183 3575 1240 3630 Ne-

207 3682 253 3747 gat
263 3676 401 3748 Epicurus
422 3677 541 3733 iucunde
558 3692 642 3748 posse
660 3675 728 3750 uiui,
745 3675 798 3732 nisi
821 3693 883 3732 cum
905 3678 1006 3734 uirtute
1027 3677 1147 3752 uiuatur‚
1160 3688 1244 3752 negat

274 3853 395 3918 spernat)
411 3862 531 3916 spernant
547 3856 600 3908 RP.
643 3852 685 3903 tt.
704 3857 850 3922 expetatur)
868 3859 1058 3931 expectaturP.
1101 3859 1199 3926 saepe)
1217 3866 1243 3912 et

207 3947 283 3997 saepo
302 3936 332 3985 0.
367 3935 410 3987 ts.
429 3940 575 4005 effudisset)
593 3942 743 3996 effundisset
760 3941 814 3995 ΒΡ.
848 3941 1042 4006 accipiundum)
1060 3945 1241 4006 accipiendum

208 4017 240 4070 0.
266 4018 390 4072 Animum
403 4022 527 4087 aduertit)
537 4025 649 4076 animam
667 4027 776 4077 aduertit
784 4026 837 4079 ΒΡ.
862 4023 1049 4078 Animadvertit
1062 4028 1093 4079 0.
1129 4029 1242 4097 uiritim)

207 4103 257 4156 oiri
274 4105 305 4156 P'·
