2610 4634
151 289 213 352 104
365 305 985 367 rosensemnrsrnrarrorrnn

148 495 180 552 in
199 494 303 568 quibus
324 495 383 552 uita
403 495 483 554 beata
504 497 636 557 consistit
684 502 757 559 Nam
780 504 830 577 qui
850 506 979 585 timebit,
1008 527 1047 569 ne
1067 514 1185 588 quidex

149 600 194 658 bis
215 602 357 673 deperdat,
380 603 550 660 beetnsesse
571 622 628 662 non
649 609 759 678 poterit.
793 609 845 669 41.
858 614 999 674 Uolumus
1019 621 1096 678 euim
1117 641 1185 700 enm,

149 708 198 782 qui
219 709 315 765 beatus
338 708 382 780 sit,
393 714 481 765 tutum
503 725 574 781 esse,
595 713 852 788 inexpugnabilem,
871 729 1002 792 saeptum
1025 732 1109 800 atque
1129 747 1193 788 run·-

149 815 253 888 nitum3
288 831 344 870 nou
364 821 396 870 ut
416 832 502 887 paruo
529 822 604 873 ructu
625 819 765 890 praeditus
787 823 839 896 sit,
873 828 927 882 sed
960 836 992 886 ut
1025 835 1115 892 nullo.
1155 838 1187 894 llt

148 921 223 978 enim
244 921 376 977 innocens
397 921 421 976 is
444 921 559 996 dicitur,
582 939 638 979 uon
659 926 708 997 qui
729 927 829 984 leuiter
850 940 953 1008 nocet,
975 938 1029 992 sed
1052 941 1102 1012 qui
1122 943 1185 1000 nibil

148 1035 238 1100 nocet,
268 1027 308 1083 sie
328 1028 389 1084 sine
409 1033 483 1083 ructu
506 1028 531 1084 is
558 1028 702 1087 habendus
723 1038 780 1106 est,
807 1053 866 1093 non
893 1039 943 1111 qui
966 1058 1057 1113 parua
1077 1049 1184 1121 metuit,

146 1134 197 1191 sed
219 1133 266 1205 qui
289 1131 403 1188 omnino
424 1139 500 1189 metu
521 1140 609 1190 uacat
641 1137 719 1204 Quae
740 1145 783 1195 est
804 1143 880 1199 enirn
901 1145 959 1203 alia
972 1148 1115 1211 fortitudo
1136 1156 1184 1213 nisi

146 1238 229 1295 animi
251 1238 358 1295 allectio
376 1256 462 1311 quum
482 1240 511 1295 iu
533 1241 661 1298 adeundo
679 1245 804 1315 periculo
826 1256 853 1306 et
874 1251 1027 1331 inlabere
1039 1275 1074 1315 ao
1093 1262 1184 1320 dolore

145 1346 263 1418 patiens,
285 1351 342 1402 tum
364 1347 461 1418 procul
483 1347 518 1402 ab
538 1347 613 1403 omni
634 1347 731 1406 metu?
752 1351 803 1410 42.
824 1356 918 1429 Atque
932 1361 1019 1419 baec·
1036 1373 1112 1424 certe
1130 1386 1183 1426 non

145 1452 182 1508 ita
204 1468 235 1509 se
257 1453 399 1523 baberent,
422 1451 475 1508 nisi
498 1470 580 1509 omne
600 1455 706 1512 bouum
726 1457 822 1516 iunna
843 1461 991 1523 honestate
1013 1472 1182 1533 consisteret.

145 1558 201 1628 Qui
222 1565 315 1615 autem
335 1558 413 1615 illam
434 1559 553 1616 maxime
575 1568 694 1632 optatam
716 1570 742 1621 et
763 1567 912 1637 expetitam
923 1575 1106 1635 securitatem
1126 1582 1181 1648 (se-

144 1666 286 1722 curitatem
308 1671 398 1722 antem
420 1682 493 1722 nune
515 1668 625 1738 appello
648 1668 812 1727 nocuitatem
842 1677 1046 1756 aegritudinis,
1075 1686 1117 1742 in.
1131 1704 1181 1760 qua

143 1771 200 1827 uita
227 1772 307 1828 beata
333 1772 421 1842 posito
443 1773 506 1840 est)
540 1773 642 1830 babere
662 1775 809 1849 quisquam
839 1787 947 1854 potest,
970 1788 1017 1843 eui
1039 1796 1088 1848 eut
1114 1793 1181 1850 adsit

143 1883 191 1932 aut
211 1878 308 1932 adesse
330 1877 419 1948 possit
440 1877 587 1934 multitudo
608 1878 771 1938 malorum?
804 1884 858 1952 Qui
880 1895 975 1947 autem
997 1897 1103 1966 poterit
1123 1917 1180 1957 csse

143 1982 235 2037 celsus
259 1989 286 2038 ct
313 1988 421 2038 erectus
443 1989 471 2038 et
491 2001 539 2056 ea,
562 2001 634 2057 quae
655 1986 760 2044 bomini
782 1991 909 2050 accidere
931 2009 1070 2074 possunt,
1093 2005 1179 2062 omnia

141 2103 228 2208 parua
248 2087 362 2162 ducens,
385 2092 496 2162 qualem
517 2090 670 2162 sapientem
691 2109 753 2150 esse
770 2097 911 2173 uolumus,
934 2103 990 2160 nisi
1013 2110 1109 2168 omnia
1130 2112 1179 2170 sibi

141 2212 224 2253 mse
245 2196 333 2269 posita
356 2194 503 2276 censebit?
526 2198 792 2257 lluLucedeemonii
813 2204 947 2279 Philippo
968 2212 1116 2277 minitante
1130 2235 1176 2292 per

140 2301 244 2360 litteras
266 2319 297 2359 se
319 2303 421 2376 curuis,
444 2321 516 2377 quae
537 2311 715 2380 conarentur,
738 2308 945 2379 prohibiturum
968 2322 1174 2400 quaesinenrut,

139 2425 208 2465 nuru
221 2426 252 2465 se
270 2415 344 2466 esset
365 2410 447 2466 etiarn
468 2427 539 2467 morr
533 2411 757 2487 prohibiturum
780 2415 824 2472 uir
845 2417 880 2491 is,
904 2422 992 2492 quenl
1007 2430 1174 2506 quatimur,

138 2531 196 2572 nou
217 2517 303 2573 multo
326 2515 434 2574 laoilius
454 2517 503 2574 tali
524 2517 615 2575 auimo
634 2519 786 2591 reperietur
808 2539 893 2594 quarn
913 2526 1015 2588 ciuitas
1026 2534 1175 2595 unirrersal

138 2620 236 2691 Quid?
268 2623 399 2683 adhunc
424 2619 631 2698 fortitudinem,
660 2626 696 2682 de
724 2628 967 2708 qua-loquimur,
996 2643 1174 2713 temperantia

138 2729 275 2804 adiuncta,
286 2747 357 2803 quae
374 2731 409 2788 sit
425 2731 592 2789 moderatrix
608 2732 733 2791 omniurn
743 2737 972 2815 commotionum,
982 2771 985 2774 ·
995 2746 1070 2818 quid
1089 2758 1175 2823 potest

130 2837 173 2893 --ed
203 2839 283 2894 beate
311 2836 462 2896 uiuendum
484 2839 582 2896 deesse
604 2839 647 2912 ei,
676 2850 760 2913 quent
782 2839 915 2903 fortitudo
943 2848 981 2907 eb
1002 2855 1173 2926 aegritudine

137 2948 166 2998 et
185 2959 202 2998 a
223 2950 299 3000 metu
319 2945 457 3019 uindicet,
484 2945 664 3017 temperantia
690 2963 777 3020 quum
798 2966 815 3005 a
835 2949 953 3010 libidine
974 2969 1091 3037 euocet,
1117 2971 1173 3021 turn

54 3045 58 3052 '
135 3047 266 3103 insolenti
294 3049 431 3106 alacritate
453 3051 554 3120 gestire
582 3067 641 3108 non
673 3051 764 3111 sinat?
797 3055 876 3112 Haeo
906 3059 1022 3121 efficere
1043 3068 1172 3128 uirtutem

136 3153 320 3227 ostenderem,
343 3153 396 3211 nisi
419 3154 609 3228 superioribus
631 3158 728 3216 diebus
751 3168 845 3219 essent
864 3166 1023 3236 explicata·

218 3261 282 3317 XV.
303 3259 353 3320 43.
379 3263 472 3335 Atque
493 3268 581 3335 quum
601 3265 928 3336 perturbationes'animi
949 3276 1111 3356 miseriam,
1127 3299 1171 3342 sc·

135 3369 262 3427 dationes
283 3375 375 3427 autern
395 3368 482 3427 uitam
501 3367 622 3426 obiciant
642 3371 943 3451 beatamgduplerque
957 3384 1170 3460 rano-pertur-

134 3477 253 3535 bationis
274 3477 320 3552 sit,
342 3477 584 3551 quodaegritndo
606 3483 634 3534 et
654 3484 743 3541 metus
764 3479 795 3537 in
815 3485 896 3542 malis
917 3486 1051 3558 opinatis.
1066 3493 1097 3551 in
1119 3496 1170 3554 bo-

133 3601 233 3642 norum
242 3589 333 3642 autern
340 3602 435 3643 errore
441 3583 543 3642 laetitia
556 3582 676 3654 gestiens
689 3583 835 3661 libidoque
847 3599 1068 3671 uersetur,quae
1078 3603 1171 3661 omnia

200 3795 241 3848 41.
260 3795 356 3859 parua)
373 3795 513 3859 paran.
547 3789 643 3856 quum)
665 3795 771 3851 mmo.
812 3798 855 3856 42.
878 3805 1012 3872 Philippo)
1029 3811 1168 3878 Philippbo

130 3881 162 3932 ll.
207 3879 359 3945 minitante)
385 3881 504 3931 militanti
525 3877 578 3927 ΒΡ.
622 3875 799 3931 minimutio.
842 3888 998 3949 reperietur)
1015 3900 1167 3958 reppermlt

129 3962 269 4026 loquimur)
287 3966 399 4028 loquitur
412 3963 480 4015 llll-5
500 3953 601 4016 nurlm)
618 3960 673 4007 mm
689 3959 769 4013 neo
802 3964 846 4016 rs
863 3968 948 4049 Atque
965 3977 1064 4042 quum)
1080 3983 1168 4043 atqui·

128 4047 292 4111 somnusue
704 4041 897 4114 *ιαμ-ιιι
895 4066 966 4106 ecre.
982 4059 1014 4107 tn
1030 4066 1168 4123 parurn..

128 4135 208 4190 tionis
796 4130 884 4191 ther
898 4140 987 4191 omnia
1005 4142 1096 4199 0.,
