2610 4634
203 281 246 344 82
420 296 643 341 rosensem.
667 296 1017 362 nrsrursrrouun

203 487 314 547 nomina
334 492 496 559 posuerunt,
519 484 640 542 sensisse
661 486 715 542 hoo
735 485 820 559 idem,
843 486 919 559 quod
936 486 1080 544 aSoerate
1096 491 1240 559 acceptum

203 595 350 667 diligenter
367 591 453 650 Stoici
474 592 654 665 retinuerunt,
678 609 774 649 omnes
796 581 957 665 insipientes
980 610 1042 650 csse
1067 611 1126 650 non
1148 609 1239 650 sanos.

202 701 256 772 Qui
290 707 332 757 est
363 699 436 756 enim
460 699 567 756 animus
589 699 618 755 in
647 699 741 771 aliquo
769 703 868 756 morbo
898 702 1036 767 (morbos
1064 707 1158 758 autem
1188 701 1240 757 hos

200 807 375 881 perturbatos
403 812 509 877 motus,
533 813 567 861 ut
589 806 677 861 modo
695 806 773 879 dixi,
800 807 961 879 philosophi
983 799 1161 889 appellant),
1184 823 1239 863 non

200 914 289 987 magis
311 921 354 971 est
374 929 457 969 sanus
479 928 563 984 quam
584 927 696 984 corpus,
719 915 795 986 quod
816 913 966 970 inmorho
989 919 1039 971 est.
1084 914 1126 990 lta
1147 913 1188 985 ur,
1209 891 1261 970 ut*

200 1020 334 1093 sapientia
361 1020 461 1077 sanitas
491 1019 526 1076 sit
552 1017 654 1089 animi,
687 1018 844 1090 insipientia
876 1026 968 1076 autem
994 1019 1074 1092 quasi
1104 1001 1250 1078 insanius
1287 997 1291 1005 ¹

200 1127 354 1201 quaedam,
378 1142 449 1199 quae
471 1131 512 1182 est
533 1125 639 1181 insania
661 1126 814 1198 eademque
835 1127 989 1198 dementia3
1011 1128 1157 1199 multoque
1179 1143 1239 1183 me·

199 1233 254 1292 lius
275 1235 344 1290 haec
365 1239 457 1291 notata
479 1238 543 1288 sunt
563 1231 658 1288 uerbis
679 1231 786 1288 Latinis
808 1250 891 1306 quam
919 1232 1048 1305 Graecis,
1077 1233 1154 1306 quod
1177 1232 1239 1289 aliis

199 1356 311 1413 quoque
334 1339 427 1395 multis
449 1337 518 1394 locis
541 1338 703 1409 reperietur.
748 1340 805 1396 Sed
826 1324 855 1397 id
877 1340 961 1412 alias,
981 1356 1072 1412 nunc,
1095 1339 1174 1412 quod
1192 1339 1238 1395 in·

200 1432 261 1503 stat.
305 1444 355 1504 11.
378 1446 480 1503 Totum
501 1445 586 1517 igitur
606 1446 646 1515 id,
669 1445 745 1518 qued
766 1446 935 1523 quaerimus,
956 1446 1024 1519 quid
1040 1451 1068 1503 et
1084 1447 1170 1518 quale
1191 1445 1238 1519 sil,

199 1553 281 1610 uerbi
302 1552 346 1610 uis
367 1553 429 1625 ipsa
451 1552 579 1609 declarat.
611 1553 670 1611 Eos
693 1553 767 1613 enim
788 1568 871 1613 sanos
893 1553 1024 1625 quoniam
1045 1552 1166 1624 intelligi
1188 1570 1238 1611 ne-

196 1676 277 1718 eesse
300 1666 363 1731 est,
397 1676 517 1731 quorum
543 1675 622 1716 mens
651 1666 729 1718 motu
757 1659 836 1732 quasi
857 1661 957 1739 morbo
978 1660 1139 1731 perturbata
1158 1661 1239 1716 nullo

194 1765 252 1840 sit5
280 1767 329 1838 qui
351 1771 445 1822 contra
466 1765 556 1822 allecti
585 1766 655 1839 sint,
684 1767 737 1822 hos
754 1766 871 1824 insanos
892 1764 1026 1837 appellari
1048 1782 1163 1823 necesse
1186 1773 1236 1823 est.

192 1864 295 1944 ¹ltaque
317 1871 389 1928 nihil
412 1871 512 1927 melius
535 1888 634 1945 quam,
664 1874 740 1947 quod
762 1879 804 1935 est
824 1872 854 1928 in
876 1871 1076 1929 consuetudine
1097 1872 1237 1931 sermonis

197 1972 300 2052 Latini,
324 1995 410 2051 quum
431 1977 523 2034 exisse
544 1996 578 2035 er
600 1985 734 2051 potestate
755 1980 873 2037 dicimus
895 1996 954 2053 eos,
976 1979 1025 2051 qui
1047 1978 1173 2039 effrenati
1194 1979 1238 2037 le-

193 2090 296 2147 ruotur
313 2089 363 2141 eut
384 2084 499 2141 libidine
520 2091 567 2142 aut
587 2085 745 2159 iracundia3
774 2102 932 2159 quanquam
954 2085 1014 2157 ipsa
1035 2084 1179 2143 iracmrdia
1199 2085 1238 2143 li·

194 2190 300 2249 midinis
319 2197 364 2249 est
385 2208 466 2264 pars3
491 2191 531 2269 sic
553 2191 625 2249 enim
648 2193 778 2249 delinitur
799 2192 949 2263 iracundia,
967 2191 1126 2266 ulciscendi
1138 2193 1236 2251 libido.

196 2298 254 2367 Qui
276 2299 359 2370 igitur
381 2298 472 2355 exisse
493 2315 528 2355 ex
549 2305 683 2370 potestate
705 2285 848 2372 diduntur,
877 2298 981 2356 idcireo
1003 2299 1148 2372 dicuntur,
1170 2299 1236 2372 quia

22 2470 25 2477 .
105 2412 108 2417 '
176 2421 253 2460 mon
276 2405 380 2461 sintin
402 2410 535 2486 potestate
555 2407 672 2480 mentis,
695 2407 740 2463 cui
761 2422 878 2477 regnum
901 2405 984 2487 totius
1000 2404 1084 2463 animi
1106 2413 1235 2463 enatura

179 2476 330 2568 *trinutum
352 2517 402 2569 est.
441 2509 540 2568 Graeci
561 2519 652 2571 autem
671 2503 788 2593 μανίαν
809 2513 883 2569 unde
904 2513 1054 2584 appellent,
1076 2529 1134 2568 non
1155 2512 1235 2571 facile

198 2616 324 2674 dixerim.
356 2606 427 2674 Eam
444 2625 539 2675 tamen
560 2619 650 2691 ipsam
666 2619 861 2690 distinguimus
883 2635 935 2675 nos
956 2619 1057 2675 melius
1079 2635 1163 2691 mem
1183 2619 1235 2676 illi.

101 2795 107 2817 ἱ
196 2724 277 2781 Hanc
294 2724 372 2780 ‘enim
393 2725 537 2798 insaniam,
560 2743 632 2800 quae
653 2726 743 2783 iuncta
761 2725 871 2783 stultitia
893 2731 966 2797 patet
986 2725 1078 2798 latius,
1100 2743 1116 2783 a
1139 2725 1235 2783 lurore

197 2831 402 2902 distinguimus.
456 2832 554 2889 Gracci
576 2835 674 2890 uolunt
699 2832 741 2890 illi
769 2831 899 2905 quidem,
937 2832 987 2887 sed
1016 2848 1115 2903 parum
1136 2815 1236 2893 ualent

196 2938 303 3010 uerbo,
336 2955 418 3010 quem
440 2955 492 2994 nos
515 2938 653 3013 furorem,
683 2930 893 3018 μελαγχολίαν
922 2938 964 2996 illi
986 2946 1094 2996 uocant
1148 2940 1236 3009 Quasi

198 3059 266 3100 uero
290 3049 347 3101 atra
369 3044 420 3100 bili
441 3045 533 3102 solum
554 3062 632 3102 mens
654 3063 686 3105 ac
709 3062 765 3103 non
787 3061 870 3117 saepe
887 3046 934 3102 uel
951 3045 1092 3103 iracundia
1103 3047 1234 3118 grauiore

196 3149 243 3205 uel
265 3149 364 3206 timore
386 3152 432 3208 uel
454 3151 552 3209 dolore
573 3159 727 3219 moueatur,
749 3168 806 3224 quo
828 3169 930 3223 genere
950 3151 1160 3228 Athamantem,
1182 3154 1235 3211 Ar-

197 3272 368 3329 emaeonem,
391 3257 514 3332 Aiacem,
538 3258 666 3316 Orestem
688 3260 781 3316 furere
803 3257 929 3317 dicimus.
968 3257 1024 3325 Qui
1045 3258 1082 3317 ita
1106 3259 1144 3316 sit
1164 3259 1233 3318 affe·

197 3370 268 3438 ctus,
283 3379 347 3421 eum
368 3364 511 3421 dominum
533 3381 595 3422 esse
617 3383 711 3425 rerum
736 3382 847 3423 suarum
867 3370 962 3421 uetant
982 3364 1130 3447 duodecim
1152 3366 1233 3422 tabu·

197 3473 249 3535 lae.
281 3473 378 3544 ltaque
395 3489 451 3528 non
474 3479 517 3529 est
533 3474 664 3546 scriptum
687 3485 724 3531 sl
745 3465 938 3545 intende,
961 3470 1012 3528 sed
1033 3483 1070 3528 81
1092 3446 1232 3533 Εὐαίο-

75 1174 81 1202 l

160 3624 171 3652 ,
200 3618 496 3634 ...ᾳ-...-

267 3703 307 3752 lo.
334 3703 466 3768 sensisse)
488 3706 587 3755 senisse
609 3706 662 3755 ΒΡ.
706 3701 776 3770 Qui)
798 3704 856 3765 quis
879 3703 939 3761 ΒΡ.
976 3705 1016 3751 est
1032 3700 1100 3750 enim
1118 3701 1233 3763 enimus)

196 3787 265 3835 enim
283 3799 323 3835 an.
343 3793 382 3835 est
399 3790 430 3839 0.
465 3789 503 3853 in)
521 3777 620 3840 om.'l‘.
659 3786 765 3852 eorpus)
781 3788 806 3838 id
828 3785 982 3850 corpusPO.
1014 3786 1233 3848 quaedamque

163 3922 165 3927 ,
197 3873 250 3938 est)
267 3888 331 3936 quoe
349 3880 417 3924 esset
433 3873 500 3925 Non.
515 3888 543 3936 p.
554 3871 622 3922 122.
654 3873 694 3922 ll.
713 3873 845 3935 quoniam)
864 3876 915 3934 quo
934 3872 963 3920 P.
998 3870 1079 3933 nullo)
1099 3869 1233 3919 nullalil’.

197 3959 263 4023 sint)
279 3964 340 4008 sunt
357 3959 388 4008 0.
424 3959 500 4019 igitur
517 3958 610 4018 exisse)
629 3959 706 4019 igitur
722 3959 816 4007 rexisse
834 3956 863 4006 P.
905 3954 973 4018 sint)
989 3960 1047 4004 sunt
1066 3954 1098 4004 0.
1142 3955 1234 4016 appel-

196 4042 261 4109 lent)
278 4044 406 4105 appeliant
423 4043 477 4091 RP.
521 4041 618 4105 ipsum)
635 4044 690 4104 ipse
707 4044 737 4092 P.
773 4039 826 4104 illi)
843 4041 886 4089 illa
902 4040 932 4088 Ρ.
967 4037 1092 4101 stultitia)
1109 4040 1233 4089 stuluuse

198 4123 230 4178 0.
266 4125 462 4191 distinguimus)
478 4125 649 4187 disiungimus
667 4125 700 4179 0.
733 4121 883 4190 duodecim)
900 4124 1041 4177 duodecem
1057 4123 1112 4175 ΒΡ.
