2610 4634
207 300 269 365 102
408 312 637 360 ruscutntt.
654 302 1027 359 ‘utsruunrtuttttn

207 520 293 580 quum
313 504 390 563 enim
416 519 480 562 oum
508 519 543 560 eo
570 503 724 560 ooltoeutus
752 517 825 559 sum.
868 502 972 560 Anto
1004 501 1088 560 aliter
1119 503 1149 560 id
1180 502 1243 562 seire

207 629 265 671 non
287 608 389 685 potes?
417 611 502 667 Nullo
530 609 624 666 modo.
672 609 717 666 Tu
738 608 825 680 igitur
847 625 884 664 ne
905 608 941 665 de
962 609 1118 666 Persarum
1139 609 1244 684 quidem

208 736 275 791 rege
312 734 414 789 magno
455 724 536 788 potes
564 715 674 786 dicere,
707 716 843 772 beatusne
876 712 934 771 sit?
970 717 1017 772 An
1043 732 1100 787 ego
1128 717 1244 791 possim,

209 842 296 899 mum
327 824 472 896 ignorem,
502 839 585 896 quam
614 821 650 877 sit
677 821 790 893 doetus,
819 836 904 893 quum
932 822 978 878 uir
1004 819 1124 880 bonus?
1157 820 1245 892 Quint

208 939 240 989 tu
270 931 300 988 iu
331 947 366 987 eo
398 929 479 986 situm
510 929 596 985 uitem
617 929 725 984 beatam
754 923 857 1000 putas?
890 929 932 984 its
960 945 1080 999 prorsus
1114 929 1246 1002 existimo,

209 1039 298 1095 bonos
329 1037 443 1108 beetm,
475 1035 620 1106 improbos
657 1033 784 1091 miseros.
849 1033 939 1091 Miser
972 1050 1042 1106 ergo
1076 1032 1246 1093 Arebetsusi

209 1143 300 1213 Certe,
323 1141 347 1197 si
369 1140 497 1196 iniustus.
540 1140 692 1198 Uideturne
714 1154 825 1196 omnem
848 1139 893 1196 hio
914 1139 1025 1197 beatem
1046 1141 1136 1199 uitem
1157 1142 1185 1198 in
1199 1159 1247 1198 uus

208 1249 311 1306 uirtute
344 1244 477 1319 ponere?
515 1245 567 1306 36.
599 1246 675 1314 Quid
708 1242 797 1303 uero?
830 1245 860 1301 in
891 1245 1044 1319 Epitaphio
1080 1265 1138 1321 quo
1170 1248 1247 1305 modo

208 1351 308 1413 idem?
340 1355 412 1411 Nom
443 1353 488 1410 eui
510 1352 587 1424 uiro,
616 1353 722 1425 inquit,
753 1369 788 1408 ex
820 1368 851 1409 se
879 1352 943 1425 ipso
976 1361 1041 1426 apto
1063 1362 1131 1411 sunt
1151 1353 1247 1427 omnir,

210 1478 283 1537 quae
304 1463 339 1519 od
361 1462 440 1518 beate
462 1459 612 1516 uiuendum
629 1458 731 1530 ierunt,
750 1475 802 1515 nee
823 1473 960 1531 suspensa
977 1461 1101 1518 aliorum
1123 1461 1248 1518 autbono

211 1586 277 1627 essu
298 1575 345 1625 eut
367 1565 504 1623 contrario
526 1566 648 1638 pendere
671 1582 705 1621 ex
724 1562 836 1620 alterius
858 1565 1008 1623 euentiset
1028 1552 1127 1624 errare
1148 1583 1248 1639 cogun-

211 1683 266 1747 tur,
278 1674 344 1731 huie
365 1673 468 1744 optime
480 1671 593 1728 uiuendi
616 1670 686 1727 ratio
707 1675 864 1742 comparate
882 1677 934 1727 est.
978 1671 1035 1729 Hie
1057 1679 1103 1730 est
1123 1672 1173 1732 ilie
1192 1690 1248 1730 mo

176 1796 181 1804 ·
211 1784 334 1854 demtus,
360 1780 406 1836 bie
427 1777 522 1850 fortis,
546 1777 591 1833 hie
612 1777 741 1849 sapiens,
763 1775 808 1832 bio
829 1782 857 1832 et
878 1777 1056 1835 uasoentibus
1080 1785 1111 1836 et
1133 1779 1249 1837 cedenti·

211 1888 265 1944 bus
293 1901 380 1959 quum
408 1883 523 1956 reliquis
550 1882 721 1954 commodis,
743 1889 802 1940 tum
822 1882 943 1939 maxime
965 1884 1074 1958 liberis,
1099 1886 1208 1958 parebit
1225 1893 1250 1943 et

212 1991 324 2049 obediet
334 1994 480 2063 proeoepto
497 1987 539 2044 itti
561 1990 668 2059 ueteri3
690 2005 781 2061 neque
802 1987 1035 2048 enimlaetsbitur
1055 2008 1183 2067 unquam
1202 2008 1249 2048 nee

212 2096 347 2156 maerebit
368 2096 461 2167 nimis,
484 2095 560 2168 quod
583 2111 694 2166 semper
715 2094 744 2150 in
766 2110 796 2150 se
817 2092 879 2166 ipse
902 2111 1015 2152 omnem
1036 2113 1122 2169 spem
1142 2105 1251 2172 reponet

213 2205 267 2264 sui·
309 2201 360 2264 37.
381 2204 425 2260 Ex
440 2203 495 2259 boe
515 2201 600 2274 igitur
620 2200 744 2258 Platonis
756 2198 836 2273 qussi
857 2202 980 2274 quodem
1000 2210 1100 2262 sancto
1122 2211 1249 2279 augusto

214 2329 269 2387 que
291 2312 368 2369 fonte
389 2315 484 2366 nostra
505 2308 596 2367 omnis
616 2306 740 2365 manebit
760 2305 860 2365 oratio.

298 2417 379 2474 xm.
408 2417 488 2474 Unde
514 2414 599 2487 igitur
626 2414 714 2471 ordiri
734 2415 837 2472 rectius
858 2430 1008 2487 possumus
1031 2432 1118 2490 quem
1139 2435 1157 2475 s
1176 2433 1249 2476 rom·

213 2523 291 2582 muni
313 2529 426 2597 parente
449 2530 555 2595 natura,
572 2538 654 2595 quse,
672 2521 806 2596 quicquid
827 2521 932 2594 genuit,
954 2540 1011 2581 non
1032 2525 1128 2582 modo.
1142 2525 1249 2598 animet,

215 2633 265 2689 sed
287 2631 370 2688 etiam
392 2631 467 2704 quod
489 2630 526 2687 its
547 2635 622 2687 esset
641 2634 733 2686 ortum
755 2634 872 2701 eterra,
894 2635 926 2685 ut
947 2629 1082 2702 stirpibus
1105 2633 1166 2690 suis
1185 2631 1251 2689 nito·

214 2745 305 2811 retur,
334 2739 363 2797 in
392 2754 444 2795 suo
474 2736 605 2810 quodque
633 2751 737 2807 genere
758 2735 911 2807 perfeetum
932 2751 996 2793 esse
1016 2736 1116 2795 uoluit.
1159 2739 1250 2812 ltaque

215 2851 244 2903 et
263 2845 379 2904 arbores
400 2850 428 2901 et
449 2842 520 2901 uites
541 2848 569 2899 et
589 2857 633 2914 en,
655 2857 727 2915 quae
748 2840 971 2899 suutbumiliors
992 2859 1086 2916 neque
1104 2860 1138 2902 se
1158 2845 1252 2902 toliere

215 2970 232 3009 o
253 2959 324 3008 terro
350 2951 432 3008 nitius
459 2953 591 3022 pessunt,
612 2947 666 3003 ntia
685 2962 801 3019 semper
821 2947 927 3021 uirent,
950 2947 1006 3006 stis
1026 2949 1123 3008 bieme
1142 2951 1252 3022 muru,

215 3072 303 3114 uerno
325 3063 449 3127 tempore
475 3052 610 3124 tepefacta
637 3053 827 3127 frondescunt,
856 3070 949 3127 neque
969 3061 1014 3112 est
1039 3057 1148 3132 ulium,
1181 3056 1253 3130 quod

115 3178 125 3189 ’
218 3179 276 3221 non
301 3161 338 3220 its
359 3158 453 3232 uigeat
472 3158 604 3216 interiore
621 3158 842 3231 quodam-motu
863 3167 891 3217 et
911 3160 1010 3218 suisio
1032 3178 1149 3236 quoque
1172 3161 1254 3220 semi·

215 3270 299 3330 nibus
331 3267 461 3341 inclusis,
490 3273 521 3324 ut
553 3272 599 3325 sut
631 3267 714 3322 tiores
747 3272 794 3322 aut
826 3265 921 3337 fruges
953 3266 1051 3325 tundat
1082 3275 1132 3326 aut
1163 3271 1253 3338 bross,

217 3379 366 3452 omnisque
387 3375 415 3433 in
437 3373 583 3448 omuibus,
605 3372 789 3447 quantumin
810 3372 880 3444 ipsis
903 3372 955 3445 sit,
983 3373 1114 3432 nultaui
1134 3374 1254 3449 immi·

218 3493 281 3545 ente
302 3483 424 3560 perfecta
446 3481 509 3540 sint
541 3479 593 3542 38.
614 3479 813 3538 Fociliusuero
834 3477 918 3536 etism
937 3478 968 3535 in
989 3479 1099 3550 bestiis,
1123 3482 1203 3556 quod
1222 3481 1256 3539 iis

218 3608 319 3653 sensus
344 3609 362 3648 a
389 3596 486 3648 notura
514 3593 556 3646 est
577 3589 673 3660 datus,
695 3584 739 3642 uis
759 3583 848 3656 ipsius
875 3591 990 3645 naturae
1010 3585 1138 3660 perspici
1158 3593 1257 3662 potest

222 3724 504 3741 —-—-—-—--

251 3821 254 3824 ⁴
286 3803 329 3852 35.
346 3803 388 3854 An
406 3799 444 3862 tu)
462 3813 494 3851 on
512 3805 539 3849 tu
556 3812 588 3850 sn
606 3799 659 3849 ΗΡ.
694 3797 754 3848 Ain'
773 3795 819 3847 tot
838 3794 896 3862 [on]
914 3796 946 3849 0.
980 3799 1022 3848 86.
1042 3813 1073 3850 ex
1090 3799 1136 3867 se)
1156 3803 1255 3856 essen

218 3887 386 3952 sudentibus)
407 3884 573 3936 condentibus
595 3883 648 3931 ut).
682 3881 800 3942 obediet)
816 3881 935 3931 oboediet
952 3883 986 3935 lt.
1030 3885 1124 3950 quod)
1148 3887 1209 3949 qu'd
1231 3888 1259 3935 P.

217 3971 342 4035 reponet)
364 3970 464 4033 reponit
486 3966 517 4017 0.
559 3965 601 4014 37.
625 3965 755 4029 monebit)
781 3964 894 4015 monebit
915 3965 970 4018 ΗΡ.
1014 3967 1105 4028 ordiri)
1124 3971 1187 4020 oriri
1206 3970 1259 4020 nn.

219 4058 288 4106 esset
304 4054 402 4118 ortum)
419 4057 466 4106 ort.
485 4053 554 4102 esset
570 4047 602 4096 0.
636 4059 721 4111 neque
738 4048 797 4113 est)
822 4059 905 4108 uenus
925 4049 997 4099 eutm
1020 4055 1062 4103 est
1084 4052 1117 4106 Ρ.
1160 4052 1260 4120 rupert)

220 4138 365 4202 otgunttt.
392 4135 494 4199 modu)
509 4128 812 4199 ωψυῑῌοῃῃδιι,
828 4127 936 4193 sutrim
953 4130 987 4181 Ι.
1010 4132 1111 4198 wis)
1128 4137 1261 4189 bisttt’o.
