2610 4634
132 274 192 335 106
344 283 952 332 ruscounu.orsrornrrouon

128 477 213 550 igitur
234 477 269 534 ah
290 476 324 534 iis
346 476 547 549 aegritudinem
568 475 657 548 potuit
678 475 824 547 repellere,
847 471 916 531 ratio
939 473 1091 548 asapienti
1108 475 1166 534 uiro

129 601 185 641 uon
207 582 335 657 poterit?
517 562 519 567 Α
1002 590 1005 594 ’
1050 578 1053 582 ’

215 692 349 747 XXVIII.
372 689 446 759 Quid
468 695 510 746 est
531 693 632 761 autem,
655 689 731 760 quod
754 689 816 760 plus
839 688 930 745 ualeat
951 689 987 745 ad
1008 692 1168 763 ponendum
1204 720 1214 747 i

130 799 267 870 dolorem,
290 813 372 870 quam
395 813 480 868 quum
503 801 544 852 cst
566 794 734 852 intellectum
756 796 795 852 nil
818 794 915 868 profici
938 798 966 851 et
988 796 1092 866 trustra
1110 815 1168 856 esse

130 900 318 976 susceptum?
353 904 383 960 Si
405 904 490 974 igitur
511 902 614 974 deponi
635 908 735 975 potest,
759 903 841 958 etiam
862 918 920 958 non
942 903 1049 976 suscipi
1072 911 1167 977 potest

130 1012 276 1071 Uoluntnte
295 1011 379 1082 igitur
396 1017 423 1068 et
444 1009 546 1065 iudicio
569 1006 673 1081 suscipi
695 1008 896 1080 aegritudinem
907 1010 1098 1068 confitendum
1119 1020 1167 1085 est

130 1115 179 1177 67.
213 1118 297 1198 idque
324 1117 459 1175 indicatur
486 1133 583 1173 corum
611 1116 755 1190 patientia,
790 1114 853 1189 qui,
887 1133 976 1189 quum
1003 1121 1092 1176 muita
1119 1119 1170 1176 sint

130 1242 213 1297 saepe
235 1224 376 1297 perpessi,
400 1224 507 1281 facilius
530 1223 631 1293 icrunt,
655 1222 787 1295 quiequid
809 1223 922 1297 accidit,
942 1225 1169 1299 ‘obduruisseque

130 1330 185 1386 iam
207 1348 268 1388 sese
291 1337 385 1387 contra
407 1330 546 1387 fortunam
567 1330 742 1403 arbitrantur,
767 1337 797 1385 ut
818 1328 866 1386 ille
888 1331 962 1401 apud
984 1332 1169 1404 Euripidemz

215 1438 248 1494 Si
269 1440 338 1494 mibi
357 1456 430 1494 noune
452 1441 541 1494 tristis
557 1439 681 1509 primum
701 1437 840 1493 illusisset
862 1440 928 1511 dies,

215 1545 271 1603 Nec
293 1549 350 1602 tom
371 1561 532 1602 aerumnoso
554 1546 763 1615 eaerpaonsem
784 1545 855 1618 solo,

215 1652 297 1708 Esset
318 1654 428 1709 dolendi
449 1669 544 1723 causo,
566 1657 598 1707 ut
618 1654 717 1707 tolecto
740 1652 824 1708 eculei

215 1758 306 1814 Frena
327 1764 436 1831 repente
457 1764 533 1815 tacte
553 1761 733 1830 encpltontor
753 1773 848 1828 nono,·

216 1865 272 1920 Sed
291 1867 349 1919 iem
370 1867 499 1921 subactos
521 1868 639 1922 misello
661 1847 803 1938 obtorpeat.

131 1970 298 2042 Detetigatio
321 1970 406 2041 igitur
425 1971 600 2028 miseriarum
621 1973 808 2044 aegritudines
830 1989 916 2045 quum
939 1971 1020 2031 iaciat
1038 1972 1169 2050 leniores,

76 2129 79 2138 ,
131 2076 248 2150 intelligi
271 2094 384 2134 necesse
406 2084 448 2135 est
474 2096 532 2135 non
554 2095 613 2135 rem
634 2079 723 2151 ipsam
745 2081 856 2136 causam
875 2086 958 2151 atque
979 2081 1089 2140 sontem
1110 2100 1171 2141 esse

131 2184 274 2245 maeroris.
310 2183 359 2245 68.
382 2186 547 2260 Philosophi
569 2186 671 2244 summi
693 2202 783 2259 neque
805 2186 871 2242 dum
893 2191 982 2245 tamen
1006 2189 1171 2262 sapientiam

132 2293 272 2350 consecuti
291 2311 384 2351 nonne
406 2294 563 2366 intelligunt
583 2294 611 2349 in
635 2310 742 2349 summo
765 2310 796 2350 se
816 2294 890 2349 malo
913 2310 975 2350 esse
997 2293 1078 2358 (sunt
1098 2293 1171 2350 euim

132 2400 308 2474 insipientes,
342 2419 432 2473 neque
460 2400 616 2474 insipientia
639 2401 726 2457 ullum
747 2399 836 2457 maius
858 2401 962 2456 malum
984 2400 1056 2472 est),
1080 2415 1170 2471 neque

132 2513 223 2564 tamen
245 2509 348 2579 lugent.
382 2508 456 2577 Quid
468 2506 530 2567 itai
553 2507 624 2577 Quia
645 2507 710 2564 huic
731 2507 826 2579 generi
849 2508 985 2563 malorum
1008 2522 1065 2562 non
1087 2505 1169 2561 affin·

133 2614 206 2686 gitur
227 2614 276 2671 illa
298 2616 411 2690 opinio,
432 2605 538 2674 rectum
560 2634 621 2674 esse
643 2621 671 2672 et
692 2631 810 2688 aequum
832 2614 861 2671 el
883 2613 917 2670 nd
939 2611 1063 2668 officium
1085 2612 1170 2684 perti·

114 2739 199 2778 ‘nere
221 2739 305 2794 aegre
326 2723 408 2798 ferre,
432 2725 507 2798 quod
530 2723 639 2796 sapiens
661 2740 718 2779 non
740 2721 788 2796 sis,
812 2722 887 2795 quod
909 2720 982 2776 idem
1009 2719 1171 2791 attingimus

18 2819 25 2831 ’
133 2829 198 2886 huic
219 2829 394 2904 aegritudini,
417 2831 446 2888 in
468 2849 523 2904 qua
545 2833 633 2888 tuctus
655 2831 736 2902 inest,
759 2844 829 2902 quae
848 2820 975 2885 omnium*
989 2826 1173 2884 maximaest.

134 2934 184 2996 69.
206 2938 303 3010 ltaque
325 2938 488 2995 Aristoteles
510 2945 620 2995 ueteres
643 2937 825 3009 philosophos
848 2950 989 3007 accusans,
1007 2932 1056 3005 qui
1073 2932 1171 2989 existi·

94 3081 101 3088 -
132 3044 284 3100 mauIssent
305 3044 512 3116 philosophiam
534 3046 591 3102 suis
619 3042 737 3116 ingeniis
765 3059 827 3099 esse
855 3040 1021 3113 perfectam,
1055 3040 1093 3096 ait
1120 3056 1169 3096 eos

133 3156 179 3208 aut
200 3151 376 3208 stultissimos
399 3158 445 3208 aut
466 3152 683 3223 gloriosissimos
708 3149 810 3224 tuisse,
840 3149 890 3206 sed
912 3165 941 3204 se
963 3145 1071 3219 uidere,
1094 3146 1170 3220 quod

132 3256 228 3333 paucis
250 3259 329 3316 aunis
351 3275 450 3331 magna
472 3260 594 3316 accessio
615 3259 685 3316 facta
709 3261 799 3330 esset,
828 3256 908 3314 breui
930 3261 1054 3337 tempore
1076 3253 1173 3326 philo‹

134 3367 260 3441 sophiam
281 3369 363 3442 plane
385 3367 540 3424 absolutam
568 3368 638 3424 tore.
693 3364 901 3435 Theophrastus
928 3367 1019 3420 autem
1047 3360 1173 3417 moriens

137 3574 437 3594 Ἢ

203 3726 217 3763 a
237 3715 346 3777 sapienti
364 3714 433 3778 uiro)
452 3726 481 3763 ac
498 3713 622 3774 sapientia
642 3721 702 3759 uero
720 3708 752 3756 R.
797 3720 826 3757 ac
844 3707 968 3769 snpientia
985 3717 1046 3755 uera
1064 3705 1094 3754 P.
1138 3706 1169 3755 eb

134 3798 243 3858 sapienti
262 3800 317 3850 utro
337 3801 369 3850 0.
405 3796 455 3865 nit)
473 3796 577 3846 uihitO.
615 3794 656 3843 67.
676 3789 770 3855 terunt)
789 3792 929 3841 terantRI’.
965 3790 1169 3852 obduruisseque

134 3878 205 3942 iem)
223 3883 375 3935 obduruisse
392 3895 472 3947 quem
486 3880 539 3932 ΒΡ.
574 3877 776 3938 obduruisseque
795 3874 825 3923 0.
866 3874 1074 3936 nauigauissem)
1092 3875 1170 3923 naui-

134 3972 235 4025 gassem
253 3968 307 4016 nr.
342 3967 428 4031 metu)
451 3970 531 4018 tractu
552 3964 582 4013 Ρ.
616 3962 747 4022 subactus)
766 3958 898 4008 subiectus
913 3959 968 4017 BP.
1003 3959 1175 4021 beteligetiel·

134 4050 286 4113 Detatigatio
305 4048 336 4099 0.
379 4060 484 4103 meum
501 4049 593 4112 muel
612 4052 694 4104 etone
713 4050 817 4097 ceascm
834 4040 889 4091 ΗΡ.
930 4042 973 4111 ᾷθ.
991 4042 1177 4105 nequedum)

134 4149 217 4200 ireque
234 4134 302 4190 nond
