2610 4634
197 310 219 372 2
402 322 630 369 nuscunsn.
666 321 1016 369 ursrursrronuu

200 514 294 572 renda.
337 513 415 582 Quae
437 512 512 569 enim
533 519 605 569 tanta
627 512 763 586 grauitas,
793 528 864 585 quae
886 519 958 569 tanta
980 511 1147 588 constantia,
1170 531 1236 571 ma

199 621 316 693 gnitudo
341 621 442 693 animi,
475 619 614 693 probitas,
636 620 723 692 tides,
752 636 823 692 quae
850 625 905 676 mm
933 621 1074 676 excellens
1101 619 1130 675 in
1159 620 1236 677 omni

199 744 302 799 genere
323 727 410 783 uirtus
432 726 460 782 in
483 726 548 781 ullis
570 725 638 800 luit,
665 732 696 782 ut
717 726 754 782 sit
774 743 837 783 cum
858 726 1008 782 maioribus
1030 725 1134 783 nostris
1155 743 1235 784 com-

199 830 343 908 paranda?
370 831 400 890 3.
421 833 553 889 Doctrina
580 832 694 889 Graecia
721 850 774 889 nos
805 839 833 888 et
853 832 930 889 omni
956 832 1108 889 litterarum
1131 850 1235 904 genere

199 940 363 1014 superabat,
390 940 420 996 in
447 957 503 1014 quo
525 946 583 996 erat
605 938 686 995 facile
710 939 822 996 uincere
844 957 902 996 non
922 947 1117 1013 repugnantes.
1161 942 1236 998 Nam

200 1065 287 1120 quum
312 1049 385 1120 apud
407 1047 527 1104 Graecos
549 1044 770 1120 antiquissimum
797 1064 813 1102 e
841 1046 928 1103 doctis
957 1064 1044 1118 genus
1074 1047 1111 1104 sit
1136 1051 1235 1120 potta-

199 1171 277 1227 mm,
301 1155 325 1210 si
347 1154 461 1228 quidem
482 1156 623 1210 Homerus
651 1152 703 1208 luit
731 1160 759 1209 et
778 1153 920 1210 Hesiodus
942 1160 1004 1210 ante
1025 1154 1143 1212 Romam
1166 1173 1235 1212 cou-

200 1262 302 1336 ditam,
336 1261 520 1318 Archilochus
553 1265 686 1331 regnante
716 1261 858 1334 Romulo,
892 1256 980 1317 serius
1011 1263 1149 1333 poeticam
1181 1280 1235 1329 nos

200 1369 366 1442 accepimus.
420 1369 507 1425 Arinis
543 1359 649 1446 [enim]
685 1365 743 1422 lere
776 1380 835 1423 ux
862 1373 927 1440 post
952 1370 1069 1425 Romam
1096 1369 1236 1425 conditam

200 1475 297 1532 Liuius
319 1473 441 1532 fabulam
464 1475 539 1531 dedit
561 1476 591 1533 G.
607 1474 734 1546 Claudio,
758 1473 840 1530 Caeci
861 1474 930 1541 filio,
952 1476 992 1533 M.
1006 1474 1143 1531 Tuditano
1165 1492 1235 1531 con·

201 1583 325 1655 sulibus,
354 1599 424 1639 anno
453 1587 515 1639 ante
542 1587 636 1638 natum
663 1580 804 1637 Ennium:
835 1582 875 1638 ll.
904 1598 968 1638 sero
989 1580 1075 1653 igitur
1096 1599 1112 1638 a
1133 1582 1235 1638 nostris

201 1693 298 1762 po'c'tae
320 1690 366 1745 uel
388 1688 490 1760 cogniti
520 1689 566 1745 uel
595 1687 708 1759 recepti.
752 1687 916 1760 Quanquam
943 1697 986 1746 est
1012 1689 1042 1745 in
1070 1688 1236 1760 Originibus

202 1795 299 1853 solitos
322 1812 384 1851 esse
401 1795 430 1850 in
447 1794 537 1867 epulis
557 1811 656 1850 canere
674 1792 805 1850 conuiuas
822 1794 856 1849 ad
877 1795 1018 1852 tibicinem
1039 1797 1075 1852 de
1097 1797 1236 1855 clarorum

201 1902 344 1958 hominum
370 1900 535 1975 uirtutibus,
568 1901 704 1957 honorem
731 1907 821 1956 tamen
848 1900 913 1957 huic
940 1901 1036 1972 generi
1062 1919 1120 1958 non
1148 1902 1236 1960 luisse

202 2009 323 2065 declarat
344 2008 430 2064 oratio
454 2008 583 2080 Catonis,
612 2007 641 2064 in
670 2025 724 2081 qua
746 2007 848 2064 obiecit
872 2015 903 2064 ut
926 2009 1061 2081 probrum
1083 2010 1124 2068 M.
1145 2009 1236 2066 Nohl·

203 2115 284 2189 liori,
308 2117 384 2188 quod
404 2116 428 2172 is
448 2116 481 2183 in
506 2114 679 2186 prouinciam
707 2118 802 2186 politas
830 2115 970 2188 duxisset3
1003 2116 1118 2173 duxerat
1144 2126 1237 2174 autem

203 2223 301 2279 consul
322 2222 370 2278 ille
392 2220 422 2278 in
436 2222 584 2294 Aetoliam,
606 2229 637 2278 ut
658 2221 771 2294 scimus,
787 2221 919 2278 Ennium.
951 2222 1014 2291 Quo
1036 2223 1131 2279 minus
1152 2223 1237 2296 igitur

203 2329 317 2386 honoris
340 2335 397 2386 erat
418 2328 522 2403 poetis,
546 2345 579 2384 eo
601 2328 709 2384 minora
731 2328 821 2384 studia
843 2328 972 2402 luerunt;
1002 2347 1055 2386 nec
1076 2336 1167 2387 tamen
1185 2331 1237 2405 sic,

89 2503 96 2513 ι
204 2436 252 2510 qui
276 2435 383 2508 magnis
405 2435 524 2508 ingeniis
545 2435 574 2491 in
597 2452 631 2490 eo
654 2451 756 2507 genere
778 2434 934 2510 extiterunt,
957 2453 1014 2492 non
1036 2436 1236 2495 satisGraeco-
1300 2496 1303 2501 ,

203 2560 266 2600 rum
287 2543 393 2616 gloriae
414 2543 624 2616 responderunt.
656 2540 686 2600 4.
707 2543 752 2598 An
774 2540 929 2618 censemus,
952 2543 976 2599 si
998 2543 1094 2618 Fabio,
1117 2545 1237 2602 nobilis-

164 2716 169 2723 ,
205 2651 276 2710 simo
299 2651 422 2726 homini,
445 2650 520 2706 laudi
542 2651 636 2707 datum
658 2655 747 2725 esset,
777 2650 852 2723 quod
878 2649 1021 2723 pingeret,
1048 2667 1106 2708 nou
1134 2654 1238 2709 multos

205 2760 288 2815 etiam
309 2760 382 2831 apud
405 2774 454 2815 nos
477 2758 585 2814 lutnros
599 2757 750 2830 Polyclitos
773 2762 800 2813 et
821 2756 983 2813 Parrhasios
1005 2753 1115 2814 luisse?
1136 2759 1239 2816 Honos

204 2865 253 2923 alit
273 2873 355 2938 artes,
378 2880 531 2937 omnesque
552 2863 735 2919 incenduntur
756 2863 791 2918 ad
807 2863 897 2919 studia
918 2864 1018 2936 gloria,
1041 2864 1184 2938 iacentque
1206 2883 1240 2922 ea

206 2987 325 3046 semper,
344 2987 415 3044 quae
432 2972 504 3042 apud
523 2986 649 3043 quosque
667 2971 868 3042 improbantur.
902 2971 1043 3027 Summam
1055 2971 1240 3028 eruditionem

207 3077 305 3136 Graeci
327 3077 405 3134 sitam
427 3077 576 3134 censebant
597 3077 626 3133 in
648 3094 799 3134 neruorum
815 3093 973 3150 uocumque
992 3079 1137 3135 cantibus:
1154 3079 1240 3151 igitur

206 3192 234 3243 et
253 3184 477 3259 Epaminondas,
500 3186 629 3258 princeps
651 3200 713 3241 meo
735 3183 837 3241 iudicio
861 3183 1010 3259 Graeciae,
1033 3186 1135 3242 fidibus
1158 3204 1240 3258 prae-

207 3295 280 3350 clare
313 3291 446 3349 cecinisse
473 3290 588 3366 dicitur,
630 3290 886 3364 Themistoclesque
922 3291 1028 3365 aliquot
1050 3299 1123 3358 ante
1151 3309 1240 3350 annos

100 3395 104 3402 ’
208 3418 295 3475 quum
315 3400 343 3456 in
365 3398 454 3471 epulis
477 3404 616 3455 recusaret
636 3399 735 3471 lyram,
764 3405 806 3455 est
834 3398 942 3455 habitus
971 3398 1119 3456 indoctior.
1161 3401 1240 3471 Ergo

207 3508 237 3565 iu
259 3507 373 3565 Graecia
394 3505 493 3563 musici
515 3506 683 3577 floruerunt,
711 3504 908 3578 discebantque
930 3504 960 3560 id
982 3521 1096 3576 omnes3
1118 3522 1170 3562 nec
1191 3506 1241 3579 qui

207 3615 358 3690 nesciebat,
382 3615 447 3672 satis
469 3614 593 3671 excultus
616 3611 740 3670 doctrina
761 3613 916 3685 putabatur.
950 3608 979 3672 5.
996 3613 1030 3669 ln
1046 3629 1154 3670 summo
1166 3615 1242 3685 apud

214 3793 509 3812 m

280 3912 306 3962 3.
323 3911 407 3963 Annis
427 3911 523 3978 [enim]
548 3911 600 3961 tere
616 3911 672 3974 nx)
699 3925 723 3962 a.
740 3897 762 3962 l.
781 3917 868 3961 ccccx
889 3910 922 3960 ll.
973 3910 1082 3960 neuim
1101 3909 1119 3959 l.
1137 3917 1185 3959 nx.
1209 3907 1241 3960 0.

209 3994 260 4060 C.)
280 3995 329 4059 hp.
349 3996 414 4062 (lt.)
444 3995 577 4058 Ennium)
601 3997 663 4045 odd.
682 3997 726 4058 qui
744 3996 791 4045 ltrlt
808 3997 889 4044 molor
905 4001 965 4045 natu
991 4006 1067 4056 quern
1093 3993 1199 4042 Plautus
1217 3999 1244 4044 et

208 4082 323 4134 Naeuius
349 4080 405 4130 ΒΟ.
445 4081 492 4135 sic.
511 4079 574 4145 qul)
591 4080 614 4130 sl
633 4082 677 4142 qui
696 4080 728 4131 0.
762 4076 787 4128 4.
804 4076 955 4142 censemus)
972 4090 1104 4128 cessemus
1122 4077 1153 4126 ll.
1188 4079 1244 4128 Po-

208 4167 320 4234 lyclitos)
337 4165 479 4229 Polycletus
495 4163 528 4217 0.
566 4159 873 4229 ,diqmzentwnoo
888 4162 973 4227 utqt
985 4166 1045 4215 ente
1061 4163 1136 4214 annis
1154 4160 1187 4213 0.
