2610 4634
634 202 698 248 vm

222 386 282 460 Sia
309 388 507 449 distrahantur
533 389 565 448 ia
591 389 754 448 connectas
772 371 868 468 partis
892 390 1080 475 inpotentiam
1102 390 1186 471 capi·

147 505 248 566 ditatae
270 525 334 566 caan
355 507 420 567 duic
441 507 588 566 educatos
608 507 648 566 sis
669 507 774 566 illicet
794 490 1021 586 repupaaadam.

233 622 320 697 Quae
341 627 371 685 in
394 625 442 685 his
465 624 564 684 uerbis
586 627 777 712 reperiuntur
798 628 981 704 scripturae:
1010 643 1091 703 mm,
1116 646 1188 686 eon-

147 743 264 819 tianart,
287 743 461 816 Maksceas,
485 741 626 816 adsim,
648 742 822 822 adprobare,
838 742 932 821 partis
954 744 1051 821 iisque
1073 735 1188 805 similes
1216 732 1224 738 ’

147 832 242 938 paene
264 878 367 920 omnes
389 863 559 920 constanter
580 860 610 919 iu
633 860 735 920 codice
755 865 892 921 seruatae
914 865 994 923 sunt.
1030 861 1189 923 Accusati-

146 995 205 1039 uus
226 978 304 1056 plur.
328 995 432 1051 eorum
455 979 617 1056 nominum,
642 995 719 1055 quae
740 978 770 1037 in
789 979 879 1055 genit.
891 978 931 1056 pl.
944 980 973 1038 in
991 979 1050 1038 inm
1067 980 1188 1060 cadunt,

59 1126 60 1131 κ
147 1113 266 1175 semper
294 1097 323 1155 in
351 1096 376 1154 o
405 1096 482 1174 exit,
511 1097 695 1173 eandemque
724 1097 961 1156 terminationem
984 1099 1188 1158 nominatiuus

147 1231 268 1292 quoquc
289 1212 367 1291 plur.
389 1212 568 1290 aliquotiens
589 1213 680 1274 habet
702 1212 839 1292 (Lib.lll
852 1208 950 1290 §5*)
973 1220 1005 1274 et
1027 1211 1068 1274 17
1079 1217 1187 1296 omncs3

148 1350 216 1392 nam
246 1329 305 1411 111,
337 1326 379 1392 81
409 1331 610 1410 disputationis
631 1336 662 1392 et
682 1329 735 1413 lv,
757 1326 800 1391 29
821 1333 1026 1410 aepactatiaas'a
1047 1333 1107 1394 lruc
1129 1352 1188 1394 non

148 1449 326 1529 pertinent).
350 1420 507 1510 Genitiuus
528 1451 603 1527 sing.
626 1450 882 1510 substantiuorum
905 1451 936 1510 in
951 1452 997 1510 ius
1020 1451 1189 1512 cadentium
1218 1425 1220 1430 ¹

144 1538 207 1629 ⁸una
229 1559 328 1628 littera
349 1568 362 1626 i
381 1566 468 1643 longe
490 1539 665 1645 saepissime
687 1568 864 1628 terminatus
894 1572 949 1630 est.
998 1567 1058 1628 Pro
1086 1569 1123 1644 ii,
1153 1569 1190 1628 iis

148 1703 267 1763 semper
287 1686 432 1762 scriptum
465 1690 512 1746 est
539 1685 584 1757 lai,
613 1685 677 1758 119,ο
706 1686 778 1750 item
807 1702 925 1763 semper
952 1690 1033 1746 extat
1056 1686 1105 1765 di,
1134 1687 1190 1748 dia.

148 1800 229 1863 Haec
250 1800 391 1863 feminino
413 1820 521 1880 genere
542 1803 623 1881 plura
642 1821 722 1864 uum.
748 1803 797 1862 hic
816 1807 850 1863 ut
867 1802 937 1863 alibi
955 1804 1104 1864 nonnullis
1117 1805 1191 1864 locis

133 1952 138 1963 ·
149 1897 309 2001 reperitur,
324 1915 457 2002 ut1,22,
471 1920 522 2002 lv,
534 1915 588 2002 36,
601 1920 639 2001 V,
646 1914 699 1982 84.
731 1919 764 1980 lu
776 1920 835 1981 tine
847 1923 1000 1981 nominum
1010 1920 1191 1982 Graecorum
1257 1986 1260 1989 ,

149 2039 179 2098 in
198 2057 237 2100 ων
252 2037 419 2098 cadentium
436 2057 457 2097 a
473 2037 574 2098 littera
595 2056 807 2116 nonnunquam
829 2039 947 2099 additur
968 2044 1064 2117 posto
1080 2007 1137 2118 ¹(ut
1160 2041 1190 2099 iu

148 2153 316 2236 Endymion
341 2154 372 2235 1,
400 2151 460 2236 92,
498 2155 635 2217 Telamon
656 2155 718 2238 lll,
746 2150 805 2236 39,
831 2155 931 2216 Zenon
953 2156 990 2238 V,
1011 2151 1092 2237 27),
1116 2174 1192 2215 non-

150 2293 303 2353 nunquam
328 2275 485 2336 omittitur.
530 2274 564 2334 ln
593 2275 739 2354 pandens,
770 2274 889 2354 totiena,
912 2276 1009 2336 simm.
1032 2293 1053 2332 n
1074 2265 1208 2352 semper'

152 2394 320 2473 inuenitur,
349 2397 438 2472 atque
465 2394 556 2453 etiarn
583 2394 613 2452 in
641 2391 836 2467 Acherunsia,
864 2390 969 2453 Atlans
997 2392 1085 2470 (uid.
1116 2410 1192 2469 quae

151 2515 361 2594 sequuntur);
390 2529 445 2572 nec
471 2530 489 2572 a
517 2511 713 2572 nanciscendo
746 2511 803 2570 uisi
824 2519 944 2570 nanctus
966 2511 1115 2587 reperitur
1137 2509 1192 2588 (1,

152 2625 389 2712 103,111,26),
413 2648 490 2708 quae
511 2627 604 2689 forma
626 2629 704 2707 apud
726 2627 847 2699 Liuium
870 2627 933 2688 sola
955 2631 1037 2689 extat
1059 2630 1089 2687 iu
1111 2629 1192 2705 opti-

152 2750 211 2811 mis
238 2748 323 2809 codd.
350 2745 426 2821 (cfr.
454 2746 603 2807 Drakenb.
640 2746 677 2806 ad
699 2745 766 2807 Liu.
788 2746 902 2826 XXIV,
922 2741 976 2825 31,
1000 2741 1066 2818 14).
1117 2743 1192 2806 Ore-

152 2875 244 2948 retar,
267 2864 346 2943 quod
368 2866 440 2925 item
462 2864 538 2942 apud
551 2863 672 2925 Liuium
694 2864 798 2941 optimi
820 2865 931 2942 quique
953 2865 1038 2925 codd.
1051 2863 1194 2942 praebent

153 2982 225 3063 (cir.
238 2983 328 3045 Drak.
350 2983 386 3043 ad
399 2977 592 3059 Linxxln,
607 2977 708 3061 16,7)
731 2998 791 3041 uuo
813 2981 878 3041 loco
901 2987 1026 3059 excepto
1049 2980 1189 3060 [XXlX,

152 3098 189 3184 6,
217 3096 298 3181 11),
325 3101 376 3161 hic
398 3117 517 3178 quoque
544 3098 731 3178 frequentius
763 3103 810 3160 est
831 3118 919 3178 quarn
941 3100 1095 3160 minema:
1122 3097 1195 3162 Mo·

153 3220 274 3281 riandua
295 3224 326 3280 et
346 3218 523 3295 moriendus,
546 3221 616 3279 cett.
639 3219 807 3295 promiscue
828 3221 1030 3296 usurpantur,
1053 3219 1126 3278 item
1147 3235 1194 3276 re-
1269 3251 1272 3256 ·

152 3339 291 3423 prendere
312 3342 343 3399 et
366 3335 574 3416 reprehendere.
623 3334 881 3413 Praepositionum
910 3353 979 3396 cum
1007 3335 1074 3395 aliis
1102 3352 1195 3395 uoca-

154 3458 234 3520 bulis
255 3460 285 3518 iu
308 3428 522 3532 compositione
544 3471 612 3514 raro
639 3453 674 3514 fit
702 3453 894 3533 assimilatio,
922 3455 1024 3530 itaque
1050 3453 1194 3529 scriptum

157 3580 220 3638 est:
242 3577 379 3653 ecferant,
401 3572 549 3652 adpnoait,
572 3572 739 3646 inlustrare,
762 3576 847 3651 cett,
869 3574 900 3659 at
923 3575 1019 3631 tamen
1043 3571 1079 3631 ab
1102 3568 1196 3630 altera

156 3697 258 3774 parte:
292 3692 435 3770 optinere,
458 3691 613 3770 optcrpai,
640 3690 800 3749 ammirari.
853 3689 902 3749 Ad
922 3692 953 3749 et
974 3677 1007 3748 at
1026 3689 1196 3766 promiscue

227 3993 255 4057 *)
272 3993 407 4044 Breuitatis
424 4005 499 4044 causa
518 3995 631 4046 minores
649 4001 747 4060 partes,
770 4006 834 4057 qrras
856 3992 1024 4056 paragraphus
1047 3990 1125 4052 uulgo
1147 4003 1197 4040 uo-

161 4085 226 4144 cant,
244 4091 347 4142 semper
363 4078 490 4144 indicabo,
509 4091 559 4130 non
577 4080 667 4143 capita.
