2610 4634
358 965 410 1040 Μ.
430 964 612 1039 TULLI
642 965 966 1044 CICERONIS

169 1167 626 1285 ltlttllllllhl
685 1170 1154 1290 llllutltltltll

506 1393 619 1451 LIBER
640 1393 814 1462 QUINTUS.

183 1575 411 1646 UIIlTUTEhI
439 1577 500 1645 ΑΙ)
528 1578 674 1646 ΒΕΑΤΕ
701 1580 933 1650 L'IUENDL'II
960 1582 1012 1649 SE
1035 1583 1129 1651 lasa

452 1711 559 1780 ESSE
589 1713 870 1782 CONTENTAII.

140 2082 166 2143 I.
191 2082 213 2138 1.
238 2042 381 2162 Quintus
412 2085 458 2140 hic
490 2084 567 2155 dics,
600 2085 702 2157 Brute,
731 2087 816 2141 hucin
846 2085 929 2141 faciet
957 2088 1177 2145 Tusculanarum

137 2191 372 2264 disputationum,
403 2208 459 2264 quo
488 2191 534 2247 die
562 2197 605 2247 est
633 2210 649 2247 a
676 2192 757 2248 nohis
785 2209 818 2246 ca
846 2194 881 2247 de
911 2210 957 2264 re,
985 2210 1069 2264 quam
1090 2200 1120 2250 tu
1143 2214 1176 2251 ex

137 2297 269 2356 omnihus
292 2298 412 2355 maxime
433 2298 553 2371 probas,
583 2298 761 2371 disputatum.
811 2299 925 2354 Placere
954 2301 1028 2355 euim
1055 2300 1104 2356 tibi
1127 2301 1176 2358 ad·

137 2407 252 2464 modum
273 2405 349 2462 sensi
371 2411 399 2461 et
421 2422 456 2461 ex
478 2422 513 2461 eo
536 2405 620 2477 libro,
643 2407 784 2479 quemad
811 2422 857 2462 me
877 2406 1083 2464 accuratissime
1105 2409 1174 2465 scri·

136 2513 228 2588 psisti‚
240 2520 267 2569 et
283 2531 318 2569 ex
334 2513 427 2568 multis
450 2512 625 2568 sermonibus
648 2512 703 2568 tuis
726 2512 856 2568 uirtutem
879 2513 913 2569 ad
932 2514 1012 2570 beate
1024 2515 1175 2573 uiuendum

134 2638 167 2678 se
190 2621 251 2694 ipsa
272 2636 335 2676 esse
356 2625 524 2677 contentam.
573 2620 655 2687 Quod
677 2619 728 2674 etsi
751 2619 866 2675 difficile
894 2627 938 2676 est
957 2621 1079 2693 probatu
1106 2639 1173 2694 pro·

135 2735 198 2800 pter
217 2733 273 2783 tam
294 2727 372 2784 uaria
394 2733 498 2783 ettam
515 2727 601 2782 multa
622 2733 758 2782 tormenta
780 2726 917 2799 fortunae,
934 2728 988 2783 tale
1010 2733 1101 2783 tameo
1123 2734 1174 2802 est,

135 2844 167 2892 ut
194 2834 394 2891 elaborandum
427 2834 478 2906 sit,
514 2850 570 2906 quo
600 2832 708 2889 facilius
742 2834 892 2906 probetur3
925 2833 995 2890 nihil
1024 2841 1065 2891 est
1100 2834 1173 2891 enim

134 2941 280 3016 omnium,
309 2943 431 3014 quaein
452 2940 630 3014 philosophia
651 2947 808 3012 tractantur,
831 2941 907 3014 quod
930 2941 1043 3013 grauius
1065 2942 1173 3016 magni·

134 3051 317 3123 ficentiusque
339 3049 456 3105 dicatur.
509 3045 541 3105 2.
573 3049 644 3104 h'am
672 3065 758 3120 quum
786 3066 819 3105 ca
847 3066 929 3105 cansa
951 3049 1092 3121 Impulerit
1113 3067 1172 3123 eos,
1270 3050 1278 3069 '

133 3157 182 3230 qui
204 3155 289 3230 prImi
310 3172 341 3212 se
362 3156 398 3211 ad
419 3155 614 3228 philosophiae
635 3156 757 3212 studium
779 3157 969 3227 contulerunt,
993 3165 1021 3214 ut
1043 3157 1172 3212 omnihus

132 3265 219 3321 rebus
240 3262 406 3336 posthabitis
434 3268 508 3318 totos
537 3278 567 3316 se
596 3261 627 3317 in
655 3261 759 3333 optimo
793 3263 866 3320 uitae
897 3270 968 3319 statu
1001 3261 1171 3334 exquirendo

132 3373 321 3443 collocarent,
354 3368 479 3443 prolecto
509 3384 558 3439 spe
587 3367 666 3423 beate
694 3368 808 3424 uiuendi
835 3375 937 3425 tantam
967 3369 995 3424 in
1024 3384 1057 3423 eo
1079 3365 1171 3423 studio

132 3494 229 3534 curam
251 3493 422 3550 operamque
443 3481 604 3548 posuerunt
648 3474 730 3542 Quod
759 3473 782 3529 si
811 3475 846 3530 ah
868 3475 901 3530 iis
924 3475 1035 3529 inuenta
1058 3480 1084 3529 ct
1104 3489 1169 3545 per·

132 3586 206 3642 lecta
220 3584 315 3641 vuirtus
345 3589 404 3657 est,
432 3590 461 3638 et
488 3581 511 3638 si
538 3579 660 3654 praesidi
689 3581 723 3636 ad
746 3580 825 3636 heate
847 3580 998 3637 uiuendum
1019 3580 1048 3635 io
1070 3579 1171 3636 uirtute

132 3691 199 3748 satis
222 3697 281 3765 est,
303 3692 366 3765 quis
388 3696 445 3762 est,
468 3689 594 3762 quinon
617 3689 758 3762 praeclare
780 3695 808 3743 et
828 3688 863 3743 ab
886 3687 941 3743 illis
963 3686 1084 3759 positam
1107 3694 1133 3743 ct
1155 3704 1171 3743 a

131 3799 214 3855 nohis
237 3806 394 3871 susceptam
423 3813 537 3870 operam
565 3795 780 3868 philosophandi
803 3791 973 3851 arbitretur?
1007 3793 1057 3850 Sin
1079 3800 1170 3850 autem

202 4061 223 4109 l.
242 4068 268 4110 et
285 4061 325 4123 er)
344 4075 374 4110 ex
391 4061 419 4109 P.
456 4058 574 4121 difficile)
592 4060 635 4108 Sic
652 4059 718 4107 h'oo.
733 4075 761 4122 p.
782 4057 846 4109 163.
864 4060 962 4110 uisuciti
973 4060 1026 4114 ltl’.
1062 4061 1087 4111 2.
1100 4059 1167 4122 opti-

129 4146 184 4208 mo)
202 4147 306 4209 optimae
324 4147 352 4197 Ρ.
392 4146 424 4195 ah
442 4144 488 4208 iis)
505 4145 537 4194 ah
555 4145 595 4193 his
613 4146 644 4194 n.
