2610 4634
442 283 519 330 uro.
541 272 592 329 ΙΙΙ.
637 269 718 331 c'nr.
740 270 876 334 23-21.
1120 277 1179 339 101

223 469 396 534 xx111.55.
422 471 497 543 Quid
519 491 587 547 ergo
609 491 679 546 opus
701 481 752 548 est,
775 475 847 532 dioet
868 476 980 550 aliquis,
1003 478 1110 536 ratione
1131 488 1179 539 aut

134 580 253 641 omnino
276 581 464 639 consolatione
486 582 545 653 illa,
568 599 622 654 qua
646 585 768 639 solemus
790 582 846 656 uti,
869 600 955 656 quum
976 586 1071 641 leuare
1093 587 1175 643 dolo·

135 705 199 746 rem
220 689 402 745 maerentium
428 687 582 745 uolumus?
616 688 679 745 lloc
706 691 781 745 enim
809 690 867 747 lere
896 697 954 747 tum
980 690 1114 749 babemus
1147 692 1176 749 in

135 800 280 868 promptu,
302 794 372 850 nibil
394 801 524 866 oportere
545 795 716 867 inopinatum
738 796 838 853 uideri.
870 799 927 854 Aut
944 797 1176 870 quitolerabilius

131 903 209 959 teret
229 901 454 974 incommodum,
481 901 530 974 qui
552 903 717 972 cognouerit
744 919 859 960 necesse
888 920 950 962 esse
984 904 1091 962 homini
1123 907 1176 962 tale

133 1008 246 1082 aliquid
266 1005 414 1065 accidere?
446 1009 524 1065 llaec
546 1007 619 1065 enim
642 1008 728 1065 oratio
752 1009 786 1065 de
808 1010 867 1081 ipsa
890 1027 998 1067 summa
1019 1013 1084 1069 mali
1106 1012 1176 1068 nihil
1239 1065 1242 1071 .

134 1114 266 1189 detrabit,
278 1121 383 1172 tantun
394 1116 479 1172 modo
490 1114 577 1187 affert,
595 1114 662 1170 nibil
679 1115 823 1190 euenisse,
841 1117 917 1189 quod
934 1134 990 1173 uon
1007 1118 1176 1191 opinandum

134 1220 246 1278 luisset.
299 1223 398 1294 Neque
426 1227 517 1277 tamen
545 1237 631 1292 genus
661 1221 690 1276 id
718 1222 849 1279 orationis
877 1222 906 1278 in
928 1224 1095 1280 consolando
1119 1241 1176 1280 non

91 1364 97 1371 -
134 1329 222 1400 ualet,
242 1328 295 1399 xsed
319 1321 379 1406 [id]
403 1327 477 1384 baud
499 1327 584 1384 sciam
604 1345 640 1384 an
661 1328 821 1400 plurimum.
853 1329 929 1399 Ergo
948 1329 1000 1385 ista
1012 1331 1173 1401 necopinata

134 1451 193 1491 non
222 1433 325 1490 babent
351 1441 453 1491 tantam
479 1434 553 1506 uim,
582 1440 612 1490 nt
638 1434 781 1505 aegritudo
811 1451 846 1490 ex
873 1434 907 1491 iis
935 1435 1025 1492 omnis
1055 1436 1174 1510 oriatur;

133 1539 240 1597 feriunt
255 1541 329 1598 enim
340 1541 457 1598 fortasse
469 1542 592 1613 grauius,
605 1537 630 1612 †
642 1558 697 1596 non
719 1541 748 1596 id
770 1540 902 1614 efficiunt,
926 1547 957 1597 ut
978 1558 1019 1614 ea,
1039 1558 1110 1614 quae
1127 1560 1173 1598 ac-

133 1647 238 1719 cidant,
249 1648 354 1704 maiora
364 1641 551 1720 uideantur,†
564 1648 628 1720 quia
640 1647 759 1703 recentia
777 1654 849 1721 sunt,
866 1665 922 1704 non
939 1647 1004 1720 quia
1022 1648 1174 1720 repentina.

134 1752 187 1814 56.
209 1756 321 1827 Duplex
342 1761 385 1812 est
405 1754 490 1826 igitur
512 1753 580 1809 ratio
603 1753 662 1809 ueri
691 1753 849 1826 reperiendi
879 1771 935 1810 non
964 1754 994 1811 in
1015 1755 1049 1811 iis
1072 1757 1173 1828 solnm,

134 1879 209 1936 quae
236 1864 323 1935 mala,
354 1861 404 1918 sed
427 1861 455 1917 in
477 1860 512 1916 iis
534 1860 632 1932 etiam,
655 1877 726 1933 quae
748 1861 822 1917 bona
844 1860 981 1918 uidentur.
1036 1863 1106 1918 Nam
1128 1868 1175 1919 aut

135 1968 226 2042 ipsius
249 1968 291 2025 rei
313 1974 410 2026 natura
431 1967 521 2040 qualis
544 1972 571 2022 et
592 1973 693 2040 quanta
715 1967 763 2040 sit,
795 1967 974 2041 quaerimus,
996 1972 1027 2023 ut
1047 1968 1082 2024 de
1103 1985 1173 2040 pau·

134 2081 241 2148 portate
261 2091 480 2147 nonuunquam,
503 2073 581 2130 cuius
604 2091 674 2131 onus
696 2074 861 2145 disputando
884 2076 1009 2129 leuamus
1031 2074 1172 2147 docentes,

135 2169 226 2256 quam
242 2196 329 2256 parua
352 2187 378 2237 et
399 2197 483 2253 quam
505 2197 592 2252 pauca
614 2180 679 2254 sint,
701 2198 772 2253 quae
796 2187 890 2236 natura
913 2179 1067 2250 desideret;
1089 2186 1174 2236 outa

84 2284 88 2289 ’
135 2288 294 2361 disputandi
324 2287 473 2344 subtilitate
503 2286 654 2344 orationem
682 2286 716 2342 ad
745 2288 871 2357 exempla
898 2285 1075 2342 traducimus.
1118 2285 1174 2344 llic

135 2396 265 2453 Socrates
286 2399 528 2466 commemoratur,
551 2393 596 2450 hic
616 2392 775 2466 Diogenes,
797 2393 845 2448 hic
872 2391 1059 2449 Caecilianum
1081 2392 1170 2448 illud:

220 2502 310 2573 Saepe
330 2508 370 2558 est
390 2504 473 2557 etiam
493 2503 543 2556 sub
561 2501 683 2572 palliolo
706 2503 820 2557 sordido
846 2502 993 2572 rapientia.

133 2608 229 2677 Quum
250 2609 324 2664 enim
346 2606 514 2680 paupertatis
542 2623 596 2662 una
623 2608 775 2678 eademque
802 2606 838 2662 sit
864 2606 925 2680 uis,
955 2604 1088 2676 quidnam
1116 2603 1172 2660 dici

131 2720 234 2788 potest,
257 2713 438 2788 quamobrem
460 2713 491 2770 C.
514 2713 640 2769 Fabricio
658 2712 811 2769 tolerabilis
833 2729 865 2768 ea
887 2710 977 2784 tuerit,
1001 2709 1048 2766 alii
1071 2715 1172 2780 negent

91 2827 97 2841 '
133 2838 166 2879 se
189 2822 265 2878 ferre
292 2818 398 2893 posse?
432 2817 482 2879 57.
511 2819 585 2876 Huic
613 2818 696 2889 igitur
724 2818 801 2874 alteri
831 2817 927 2890 generi
955 2816 1052 2872 similis
1075 2821 1118 2872 est
1139 2832 1171 2872 ea

133 2898 213 2985 ratio¹
231 2908 411 3001 cirnsolandi,
441 2944 511 3000 quae
541 2926 623 2982 docet
649 2926 768 2982 humana
797 2941 875 2999 esse,
909 2940 979 2996 quae
1012 2922 1169 2979 acciderint

132 3036 199 3092 Non
221 3035 295 3090 enim
317 3035 408 3090 solum
430 3033 458 3090 id
480 3034 603 3090 continet
625 3051 657 3090 ea
679 3033 845 3107 disputatio,
868 3038 898 3088 ut
920 3031 1107 3102 cognitionem
1128 3030 1170 3086 ai·

131 3142 205 3199 terat
225 3141 336 3211 generis
358 3140 485 3212 bumani3
519 3141 569 3196 sed
596 3141 733 3211 significat
760 3129 916 3196 tolerabilia
943 3154 1021 3212 esse,
1050 3154 1121 3209 quae
1143 3142 1171 3192 et

131 3246 245 3304 tulerint
266 3253 293 3303 et
314 3246 403 3303 lerant
424 3248 516 3304 ceteri.
569 3246 676 3302 XXIV.
709 3247 751 3301 lle
773 3250 932 3318 paupertate
954 3243 1058 3313 agitur:
1088 3243 1169 3297 multi

131 3353 268 3427 patientes
290 3370 426 3426 pauperes
455 3358 720 3424 commemorantur3
754 3353 788 3407 dc
817 3351 1017 3407 contemnendo
1046 3351 1167 3403 honoro:

133 3461 215 3518 multi
237 3459 394 3517 inhonorati
416 3460 593 3531 proferuntur
615 3456 777 3530 etquidem
798 3464 912 3530 propter
938 3455 967 3511 id
988 3454 1080 3527 ipsum
1101 3452 1168 3508 bea·

199 3775 243 3824 55.
261 3775 318 3839 illa)
335 3773 450 3822 ullaltP.
486 3772 649 3836 cognouerit)
666 3772 831 3834 cognouerint
847 3770 900 3820 ΒΡ.
937 3768 1006 3834 [idD
1022 3769 1078 3818 sine
1095 3769 1168 3818 anob

129 3857 208 3909 ltro.
247 3856 299 3922 iis)
322 3859 363 3908 his
380 3857 459 3906 nro.
493 3854 601 3922 †non)
617 3859 671 3905 sine
688 3863 751 3905 arcta
772 3855 934 3917 corruptelae
950 3853 1029 3902 RPO.
1069 3850 1167 3918 †quia

130 3957 182 3993 rec.
201 3948 270 4009 sunt,
286 3955 337 3993 non
355 3941 416 4003 quio
433 3940 501 4004 rep.)
522 3942 577 3990 stne
593 3947 658 3990 notu
676 3941 837 4002 corruptelae
855 3939 908 3988 ΒΡ.
944 3938 1010 4000 Quia
1027 3951 1078 3988 rec.
1098 3942 1166 3999 sunt,

132 4028 228 4077 maiora
246 4028 377 4088 uidentur,
395 4039 446 4075 non
464 4026 525 4086 qnia
543 4020 595 4087 rep'.
615 4025 645 4076 0.
680 4024 723 4077 56.
741 4024 767 4072 in
785 4025 818 4073 iis
835 4022 934 4088 sotum)
951 4023 991 4071 ln's
1009 4023 1093 4072 solum
1111 4020 1164 4070 ΒΡ.

131 4116 175 4162 aut
192 4110 289 4175 ipsius)
306 4114 335 4159 ut
351 4110 433 4172 ipsius
451 4109 504 4159 ΒΡ.
538 4108 668 4172 Fabricio)
685 4107 795 4158 Fabritio
812 4107 842 4157 P.
878 4094 926 4156 57ss
938 4105 1034 4169 agitur)
1051 4105 1127 4166 igitur
1135 4100 1177 4160 Ρ.”,
