2610 4634
189 249 231 311 at
423 259 649 307 'ruscorum
672 259 1017 304 nisuurarronuu

189 456 260 512 iusta
281 469 369 512 uxore
390 452 470 508 uatis.
514 452 545 509 lu
567 455 685 524 utroque
707 449 823 506 eandem
851 449 948 507 habuit
969 451 1079 508 fortuna
1101 458 1224 532 potesta·

184 569 261 634 tem,
283 561 332 616 sed
355 577 402 616 usa
424 559 452 615 in
474 560 559 614 altero
582 559 634 612 est.
683 559 827 613 Metellum
846 557 922 613 enirn
945 558 1023 614 multi
1047 558 1116 631 silli,
1140 558 1225 631 filiae,

189 675 315 741 nepotes,
337 674 433 740 neptes
455 665 483 720 in
506 681 604 734 rogum
621 663 825 736 imposueruut;
848 665 988 721 Priamum
1005 671 1078 722 muta
1090 667 1225 737 progenie

190 776 334 847 urbatum,
362 790 448 847 quum
470 772 499 827 in
520 786 596 826 aram
617 771 803 842 confugisset,
827 772 935 828 hostilis
957 789 1055 830 manus
1077 773 1224 831 interemit.

188 883 244 940 Hic
265 882 289 940 si
311 880 383 938 uiuis
406 879 470 935 liliis
492 878 624 935 incolumi
646 895 733 949 reguo
755 879 902 936 occidisset

271 1017 314 1030 -
335 1015 376 1028 -
399 990 507 1042 orlatele
528 1002 579 1057 ope
600 986 766 1059 barbarico,

274 1096 360 1152 Tectis
383 1093 507 1165 cocleas,
530 1093 683 1165 luqoeotis,

187 1210 279 1260 utrum
301 1204 412 1260 tandem
434 1217 449 1256 a
474 1199 566 1270 bouis,
590 1214 624 1254 an
646 1197 762 1255 amalis
784 1197 980 1256 discessisset?
1003 1201 1074 1256 Tum
1097 1203 1223 1274 proiecto

188 1305 329 1363 uideretur
351 1323 367 1363 a
388 1306 480 1365 bonis.
523 1307 560 1362 At
581 1312 654 1362 certe
676 1306 702 1361 ei
724 1305 824 1363 melius
847 1307 995 1381 euenisset,
1018 1324 1069 1364 uec
1091 1316 1146 1364 tam
1170 1311 1222 1365 lle·

187 1411 280 1470 bititer
300 1413 349 1471 illa
370 1421 546 1473 cancrentur:
1122 1406 1124 1410 ⁴

271 1521 350 1579 Haec
371 1525 466 1580 omnio
486 1524 547 1578 nidi
568 1521 745 1593 inflammari,
809 1538 813 1544 ·

186 1670 189 1675 ,
272 1628 387 1687 Priamo
410 1633 444 1687 oi
464 1632 552 1686 uitam
573 1632 690 1701 coitari,

272 1733 351 1792 louis
373 1755 453 1794 oram
473 1739 609 1807 sunguine
630 1738 749 1807 torpori.

188 1842 274 1911 Quasi
294 1860 363 1899 uero
384 1843 436 1901 ista
463 1842 491 1899 ui
520 1842 667 1916 quicquam
695 1849 753 1897 tum
774 1842 894 1915 potuerit
915 1843 941 1899 ei
963 1844 1062 1901 melius
1085 1845 1221 1903 accidere.

187 1949 270 2017 Quod
291 1951 315 2006 si
337 1957 398 2008 aute
420 1949 581 2024 accidisset,
611 1946 635 2028 †
664 1956 755 2005 tamen
777 1957 907 2006 euentum
930 1952 1042 2008 ornuiuo
1065 1952 1220 2026 amisisset;

187 2055 242 2113 lroc
274 2065 365 2115 autem
396 2054 520 2131 tempore
549 2074 661 2115 sensum
688 2055 778 2112 amisit
807 2059 952 2114 malorum.
995 2057 1045 2118 86.
1073 2061 1219 2134 Pompeio,

187 2170 282 2221 nostro
304 2165 449 2236 familiari,
472 2183 557 2239 quum
580 2164 700 2237 grauiter
721 2169 877 2235 aegrotaret
899 2165 1033 2255 Neapoli,
1057 2167 1157 2239 melius
1180 2175 1222 2225 est

187 2271 298 2331 lactum.
347 2273 477 2330 Coronati
499 2272 673 2346 Neapolitani
700 2271 826 2344 fueruut;
859 2271 988 2328 nimirum
1010 2273 1092 2330 etiam
1116 2274 1243 2332 Puteo·

186 2379 259 2454 laui3
293 2381 378 2452 uulgo
407 2398 441 2437 ex
467 2379 577 2452 oppidis
606 2379 717 2451 publice
744 2379 959 2449 gratulabantur.
1003 2383 1132 2454 Ineptum
1154 2399 1220 2440 saue

186 2488 329 2559 negotium
351 2493 378 2544 et
400 2487 577 2561 Graeculum,
600 2488 650 2543 sed
671 2492 762 2542 nmen
785 2486 960 2545 fortunatum.
1006 2488 1103 2545 Utrum
1124 2489 1219 2563 igitur,

186 2595 290 2653 situm
312 2602 385 2652 esset
406 2595 550 2668 extinctus,
572 2595 690 2652 abonis
712 2595 806 2667 rebus,
829 2612 863 2652 an
885 2612 900 2650 a
923 2593 1003 2651 malis
1025 2593 1220 2653 discessisset?

187 2703 267 2761 Certe
289 2722 304 2762 a
323 2703 442 2760 miseris.
485 2705 548 2760 Non
570 2701 643 2759 cuim
665 2720 727 2759 cum
749 2719 847 2758 socero
869 2703 976 2759 bellum
998 2702 1140 2775 gessisset,
1163 2721 1221 2759 nou

185 2809 335 2882 imparatus
357 2828 432 2867 arma
460 2810 638 2882 sumpsisset,
672 2827 728 2865 nou
756 2810 870 2865 domum
897 2809 1068 2882 reliquisset,
1102 2827 1158 2866 nou
1185 2828 1221 2869 er

186 2917 266 2974 ltalia
286 2917 412 2989 fugisset,
435 2934 490 2972 non
513 2915 634 2972 exercitu
655 2917 757 2972 amisso
780 2916 870 2972 nudus
896 2917 924 2972 iu
947 2933 1093 2973 seruorum
1114 2917 1221 2974 ferrum

187 3022 589 3094 etmauusiucidisse13uon
616 3022 697 3079 liberi
723 3022 830 3094 defleti,
859 3040 914 3080 nou
937 3023 1062 3080 fortunae
1084 3041 1181 3081 omnes
1204 3043 1221 3082 a

185 3129 337 3189 uictoribus
360 3130 576 3204 possiderentur.
620 3130 684 3204 Qui,
707 3130 731 3186 ri
752 3136 869 3186 mortem
891 3137 949 3186 tum
971 3130 1085 3202 obisset,
1108 3129 1137 3186 in
1159 3148 1220 3188 am·

186 3236 319 3312 plissimis
342 3237 459 3296 fortunis
481 3238 642 3308 occidisset,
664 3237 688 3295 is
711 3236 907 3310 propagatione
930 3238 1002 3293 uitae
1025 3243 1108 3310 quot,
1130 3255 1221 3311 quan-

187 3352 239 3420 tas,
261 3364 344 3420 maur
365 3345 543 3402 incredibiles
565 3344 655 3401 hausit
676 3344 855 3401 calamitates!
880 3344 1013 3400 XXXVl.
1036 3346 1112 3400 llaec
1131 3353 1222 3402 morte

186 3453 371 3528 effugiuntur,
394 3454 475 3511 etiam
497 3452 521 3508 si
542 3469 599 3509 non
621 3460 788 3523 euenerunt,
816 3458 906 3508 tamen
928 3451 992 3523 quia
1015 3458 1131 3523 possunt
1152 3471 1221 3510 eue-

185 3562 262 3634 uirc;
284 3563 334 3619 sed
356 3560 482 3621 homines
510 3578 542 3618 ea
570 3559 623 3617 sibi
651 3561 775 3616 accidere
797 3575 880 3631 posse
903 3574 961 3614 non
982 3558 1112 3629 cogitant.
1155 3561 1221 3617 Me·

188 3734 487 3750 m—

253 3856 330 3917 natls)
348 3856 400 3906 nati
421 3853 452 3907 0.
488 3856 535 3905 ista
554 3850 594 3917 ui)
611 3853 660 3902 ista
677 3853 719 3905 uel
728 3852 759 3901 ll.
794 3847 1066 3916 accidissctflamen)
1083 3855 1139 3904 atne
1156 3861 1223 3907 nota

184 3951 250 3989 corr.
269 3940 301 3990 ll.
339 3940 477 3992 occidisset
491 3937 510 4004 †
526 3945 582 3991 tun
600 3937 632 3988 0.
669 3933 815 3976 *νίψω
840 3933 945 3983 ‘'¹⁸⁸⁸ss
962 3934 1005 3999 ll,
1043 3939 1089 3986 red
1106 3952 1174 3989 corr.
1191 3942 1222 3990 r'n

185 4024 338 4077 amississet.
357 4029 456 4085 aegrote
1001 4022 1030 4084 r)
1048 4022 1169 4074 animalis
1188 4025 1222 4075 R.

184 4108 342 4191 reliquisset)
356 4107 409 4161 rell¹
1009 4100 1029 4171 ·)
1042 4107 1180 4159 cucuertnt
1188 4108 1222 4162 0.
