2610 4634
501 280 563 325 cm.
585 268 620 324 v.
665 279 737 327 cnr.
759 263 810 325 27.
1110 265 1170 326 lrr

135 471 400 547 sirit·appellentur
414 470 505 542 boua3
527 470 581 527 alia
602 475 695 526 sutem
715 469 765 525 illa
785 466 880 525 diuina
904 468 989 539 longe
1007 469 1121 541 lateque
1141 484 1172 527 se

133 581 257 652 pandant
278 578 443 649 coelumque
466 576 633 648 contingant,
657 566 730 653 [ut,]
760 591 794 630 ea
822 573 871 648 qui
898 574 1019 647 adeptus
1042 574 1094 648 sit,
1122 591 1173 633 cur

109 739 111 744 .
135 687 330 750 cunibertum
350 685 435 741 modo
456 689 484 740 et
499 690 563 739 nou·
573 681 763 739 beatissimum
776 680 858 738 etiam
875 677 1016 738 dixerim?
1036 683 1172 739 Dolorem

133 810 203 855 uero
226 791 337 865 sapiens
359 792 527 850 extimescet
573 789 602 844 Is
631 788 706 848 enim
727 787 792 849 huic
812 787 932 845 maxime
954 788 1105 847 sententiae
1125 805 1172 845 re·

132 905 255 974 puguat3
278 914 342 955 nam
359 902 459 959 ,contra
479 900 598 953 mortem
618 901 742 953 nostram
756 901 839 966 atque
853 901 1012 953 nostrorum
1021 901 1172 967 contraque

131 1003 337 1078 aegritudinem
358 1009 386 1059 et
407 1002 530 1074 reliquas
551 1001 636 1059 animi
657 1001 878 1074 perturbationes
892 1000 958 1057 satis
969 1017 1032 1059 esse
1043 1001 1173 1059 uidemur

132 1111 311 1184 superiorum
334 1110 442 1166 dierum
463 1108 695 1180 disputationibus
715 1107 817 1173 armati
833 1114 860 1164 et
881 1108 984 1179 parati3
1006 1109 1088 1165 dolor
1109 1125 1172 1167 esse

133 1218 245 1275 uidetur
266 1217 417 1273 acerrimus
439 1215 533 1271 uirtuti
555 1214 741 1287 aduersarius,
756 1213 780 1271 is
802 1214 931 1271 ardentes
952 1215 1027 1271 laces
1048 1215 1171 1293 intentat,

134 1325 158 1381 is
181 1323 381 1395 fortitudinem,
404 1321 622 1392 magnitudinem
644 1320 739 1393 animi,
753 1321 912 1392 patientiam
925 1337 955 1376 se
966 1321 1173 1383 debilitaturum

134 1431 262 1490 minatur.
299 1429 350 1489 77.
364 1429 440 1486 Huic
453 1428 537 1500 igitur
559 1428 720 1485 succumbet
739 1427 838 1498 uirtus,
860 1426 926 1484 huic
948 1427 1172 1499 beatasapientis

133 1543 163 1596 et
184 1536 333 1595 constantis
356 1536 410 1592 uiri
432 1535 488 1592 uita
510 1535 597 1591 cedet.
645 1534 735 1602 Quam
756 1540 852 1606 turpe,
881 1534 951 1590 odi
976 1534 1059 1591 bonit
1087 1534 1172 1591 Pueri

134 1643 288 1716 Spartiatae
310 1659 367 1701 nou
399 1641 585 1712 ingemiscunt
610 1641 761 1697 uerberum
788 1620 886 1696 dolore
913 1639 1015 1697 laniati.
1065 1642 1171 1698 Adole-

133 1750 269 1808 scendum
285 1765 386 1821 greges
404 1745 613 1805 Lacedaemone
630 1747 749 1804 uidimus
762 1746 816 1820 ipsi
828 1746 985 1809 incredibili
995 1750 1171 1805 contentione

133 1863 268 1915 certantes
288 1855 400 1929 pugnis,
412 1854 544 1924 calcibus,
556 1855 706 1924 unguibus,
717 1871 813 1911 morsu
827 1854 959 1927 denique,
972 1871 1058 1926 quum
1073 1855 1171 1911 exani.

132 1969 275 2027 merentur
296 1963 384 2034 prius,
405 1978 490 2034 quam
512 1961 600 2019 uictos
623 1977 653 2017 sc
670 1961 827 2017 faterentur.
859 1961 937 2028 Quae
951 1961 1171 2019 harbarialndir

132 2070 238 2129 uanior
258 2074 307 2127 aut
327 2064 484 2138 agrestior?
506 2069 539 2124 ln
558 2085 591 2126 ea
608 2074 700 2126 tamen
713 2073 795 2138 gente
806 2065 926 2139 primum
938 2068 976 2140 ei,
993 2067 1042 2140 qui
1059 2067 1171 2140 sapien·

132 2183 176 2234 tes
197 2175 343 2248 habentur,
365 2173 433 2231 nudi
454 2179 571 2233 aetatem
592 2180 678 2247 agunt
697 2173 855 2231 alssaucasi
876 2173 956 2229 uiues
967 2173 1171 2247 hiemalemque

67 2266 76 2274 ’
133 2283 194 2344 uim
215 2281 358 2355 perteniat
375 2280 438 2339 siue
460 2281 577 2354 dolore,
603 2297 747 2354 quumque
773 2279 809 2336 ad
830 2279 969 2335 flammam
994 2296 1025 2338 se
1047 2280 1170 2352 applica·

133 2394 255 2463 uerunt,
282 2387 344 2445 eine
364 2387 471 2460 gemitu
491 2388 653 2445 aduruntur.
698 2384 748 2446 78.
776 2386 911 2445 Mulieres
940 2402 1009 2443 uero
1029 2386 1059 2444 iu
1080 2387 1169 2459 ludis,

131 2512 221 2569 quum
240 2501 286 2571 est
304 2493 384 2559 euius
406 2508 501 2551 earum
521 2494 567 2551 uir
586 2501 730 2567 mortuus,
759 2492 789 2550 iu
815 2499 953 2550 certamen
979 2492 1171 2566 iudiciumque

132 2602 267 2675 ueniunt,
294 2618 379 2675 quam
405 2601 557 2673 plurimum
584 2601 633 2659 illc
660 2601 789 2669 dilererit
813 2594 924 2678 (plures
951 2601 1033 2674 enim
1051 2599 1170 2673 siugulis

72 2788 76 2795 ι
132 2711 223 2767 solent
245 2724 307 2767 esse
327 2700 466 2784 nuptae);
498 2725 571 2781 quae
592 2714 634 2765 est
654 2707 769 2780 uictrix,
791 2724 823 2764 ea
844 2709 916 2765 laeta
936 2707 1169 2781 prosequentibus

133 2815 192 2873 suis
220 2831 275 2871 uua
303 2831 366 2873 cum
394 2814 457 2871 uiro
484 2815 515 2872 iu
531 2848 534 2853 -
548 2830 648 2887 rogum
679 2814 846 2887 imponitur,
880 2815 928 2873 illa
962 2814 1034 2872 uicta
1065 2819 1170 2875 meede

133 2921 259 2979 discedit.
291 2922 440 2994 Nunquam
461 2927 588 2983 naturam
607 2936 669 2978 mos
690 2920 831 2993 uinceret;
854 2926 897 2978 est
913 2921 992 2979 enim
1013 2936 1170 2994 easempor

133 3026 253 3100 inuium
275 3026 326 3085 sed
346 3044 400 3091 nos
421 3027 546 3101 imbris,
569 3027 694 3102 deliciis,
717 3027 789 3101 otio,
812 3027 1087 3100 languore,·desidie
1107 3027 1168 3085 aui·

131 3149 209 3191 mum
230 3131 393 3206 infecimus,
423 3134 600 3206 opinionibus
621 3136 751 3208 maloque
771 3151 850 3193 more
871 3135 1024 3192 delenitum
1044 3133 1169 3197 mollini-

130 3256 204 3301 mus.
250 3222 465 3313 ,Aegyptiomm
488 3256 597 3303 morem
619 3241 691 3313 uuis
724 3237 862 3312 ignorat?
897 3257 1017 3314 querum
1046 3239 1168 3301 imbutas

130 3352 239 3404 mentes
259 3347 402 3419 prarritatis
423 3347 566 3405 erroribus
578 3345 707 3420 qmmuis
723 3347 910 3405 carnificinam
926 3351 1006 3418 prius
1021 3344 1167 3417 subierint,

130 3469 219 3527 quem
235 3453 306 3515 ibim
326 3459 373 3513 aut
393 3452 519 3526 aspidem
539 3459 586 3513 eut
613 3453 699 3511 telem
723 3458 773 3511 rut
799 3469 897 3513 racem
923 3457 972 3511 rut
996 3450 1168 3513 crocodilum

140 3809 142 3812 ⁴
199 3765 342 3832 [ut]).rt'nr
359 3770 431 3820 uncte
448 3771 502 3821 ΒΡ.
541 3768 674 3834 uidemur)
691 3768 825 3819 uideamur
841 3769 870 3819 P.
914 3768 956 3817 77.
974 3763 1062 3829 cedet)
1078 3767 1168 3817 credet

130 3850 162 3909 R.
198 3852 378 3919 contentione)
394 3855 513 3907 contione
528 3855 585 3905 BP.
627 3855 710 3905 uictos
731 3853 781 3918 se)
807 3866 836 3904 se
853 3853 936 3903 uictos
961 3850 992 3900 0.
1024 3847 1078 3915 et)
1098 3851 1118 3900 li
1135 3851 1166 3903 Ρ.

129 3942 194 3991 nudi
210 3939 338 4008 sentem)
355 3941 497 3991 ruffinum
513 3941 543 3990 Ρ.
577 3938 620 3989 78.
643 3941 670 3991 in
690 3936 802 4001 rogum)
823 3950 912 4000 rogum
930 3931 960 3985 P.
995 3935 1166 3996 mollissimus)

130 4025 249 4079 mollium
266 4027 320 4079 tte.
354 4024 436 4085 ibim)
454 4024 510 4079 toln
526 4025 555 4074 Ρ.
590 4021 797 4087 telem-ircim
814 4021 848 4074 ll.
881 4018 1055 4086 crocodilum)
1075 4020 1165 4070 corco-

129 4106 220 4159 dillum
233 4109 266 4160 lt.

933 4171 964 4222 12
