2610 4634
130 251 193 315 tre
344 257 964 346 rosconmntsrursrrosusr

128 437 869 527 &qwffiplflllbdlllmlldmexldldssillllts
891 451 1158 526 inmgnitionegg.

129 576 195 619 ruat
220 556 328 633 potios
354 562 383 615 et
402 557 433 614 in
457 554 640 629 mplieatioue
664 561 796 631 neutrae,
827 558 899 614 alter
924 559 957 616 iu
985 561 1160 635 descriptione

129 665 349 741 annuntiatum
369 661 601 734 fugiendarumoe
621 679 725 735 rerum,
746 663 845 721 terdns
866 663 898 720 in
919 663 1082 741 iudicando,
1102 667 1161 741 quid

131 774 232 848 mique
253 771 295 828 rei
315 770 352 828 sit
371 784 558 842 eonsegueus,
578 769 648 841 qun
668 785 837 841 repugnans,
859 770 891 827 iu
911 788 971 844 quo
989 772 1064 831 inest
1081 773 1161 831 omnis

130 897 219 955 quum
240 877 377 937 subtilitas
403 874 575 949 disserendi,
601 882 661 932 tum
687 874 789 933 ueritas
815 875 969 935 iudicandi.
1024 875 1076 938 69.
1107 881 1161 948 Quo

131 987 242 1046 nudem
262 984 348 1056 igion
370 980 473 1053 gaudio
494 980 570 1037 affici
595 997 710 1039 necesse
737 989 781 1039 est
806 983 941 1056 sapientis
963 985 1089 1043 animum
1107 1001 1162 1042 utu

130 1093 176 1151 his
196 1089 364 1149 mentm
384 1093 647 1160 pernoctantemque
667 1086 758 1160 curis,
782 1087 842 1161 ut,¹
858 1106 946 1162 quum
968 1090 1054 1148 totius
1075 1091 1162 1149 muudi

130 1207 223 1258 mouns
244 1194 497 1266 connersmuesque
517 1196 691 1267 perspexerit
711 1193 859 1268 sideraque
885 1196 992 1254 uiderit
1010 1198 1162 1255 innumera·

130 1306 200 1365 bilia
220 1303 301 1362 coelo
321 1300 493 1359 irnhaereutia
512 1317 578 1357 cum
598 1299 658 1358 eius
686 1299 775 1373 ipsius
802 1307 881 1359 motu
907 1319 1067 1374 congruere
1088 1303 1162 1361 certis

130 1414 215 1474 infixa
236 1410 361 1481 sedibus,
382 1413 490 1480 mutem
509 1405 563 1464 alia
585 1423 652 1464 suos
673 1422 802 1479 quaeque
823 1413 918 1466 leuem
939 1426 1042 1467 cursus
1053 1411 1164 1467 multum

130 1520 205 1580 inter
224 1535 257 1576 se
282 1522 330 1575 ant
354 1512 498 1572 altitudine
525 1519 573 1570 aut
598 1513 750 1570 humilitate
776 1512 923 1589 distantia,
955 1532 1081 1588 quorum
1105 1516 1163 1588 uagi

131 1633 225 1685 nous
245 1630 304 1681 rata
324 1629 415 1680 nmen
436 1627 465 1678 et
484 1626 559 1678 certa
579 1619 624 1676 sui
644 1606 743 1676 cursus
764 1620 853 1692 suada
873 1621 1017 1697 deliniant.
1055 1624 1160 1709 Horum

132 1733 265 1792 nimium
284 1735 411 1801 aspectu
432 1727 544 1800 impulit
562 1727 628 1785 illos
648 1732 759 1784 ueteres
781 1733 808 1784 et
835 1728 998 1803 admonuit,
1030 1736 1063 1786 ut
1091 1731 1164 1802 plura

130 1842 306 1913 quaererent
355 1835 426 1891 lude
447 1839 490 1890 est
515 1832 656 1904 indagatio
676 1840 739 1890 uata
759 1832 903 1891 initiorum
923 1842 952 1893 et
970 1840 1104 1909 uuquam
1123 1852 1163 1892 se·

131 1945 255 2014 minuam
282 1941 358 1998 uude
379 1943 474 1996 essem
493 1940 588 1996 omnia
608 1945 686 2012 orta,
707 1947 854 2014 moena,
875 1948 1021 2014 concreta,
1042 1958 1165 2015 quaeque

132 2050 267 2122 nutusque
288 2046 399 2118 generis
426 2045 473 2101 uel
501 2044 616 2102 inanimi
643 2048 690 2103 nel
716 2045 864 2104 animantis
892 2047 939 2104 uel
961 2047 1032 2104 muti
1058 2049 1105 2105 uel
1125 2049 1164 2104 lo·

131 2155 243 2234 quentis
264 2155 356 2227 origo,
377 2169 450 2226 quae
470 2151 538 2224 uita,
559 2152 609 2225 qui
628 2152 755 2210 interitum
777 2170 905 2227 quaeque
926 2170 962 2210 ex
979 2152 1036 2210 atio
1054 2153 1165 2213 iunliud

132 2264 296 2324 uicissitudo
317 2267 401 2334 atqua
420 2258 545 2332 mutatio,
566 2259 642 2316 uude
662 2265 746 2332 terra,
768 2265 797 2317 et
817 2259 920 2332 quibus
941 2259 1042 2321 librata
1062 2261 1165 2332 ponde·

132 2371 227 2444 ribus,
260 2368 363 2443 quibus
383 2366 511 2425 cauernis
529 2365 619 2430 maria
639 2364 843 2438 sustineantur,
874 2382 931 2438 qua
960 2366 1054 2424 omnia
1082 2367 1166 2424 delata

132 2477 267 2551 granitme
287 2473 413 2531 medium
432 2471 530 2530 mnndi
551 2472 644 2529 lounm
665 2487 777 2543 semper
796 2476 937 2546 expetant,
960 2471 1011 2545 qui
1032 2480 1075 2531 est
1095 2473 1166 2531 idem

131 2585 246 2644 tonnus
266 2583 297 2640 in
317 2581 446 2639 rotundo.
1044 2634 1049 2642 ,
1186 2565 1191 2578 '

217 2690 311 2748 XXV.
323 2685 372 2747 70.
393 2687 472 2745 llaec
493 2685 617 2745 ornanti
638 2685 730 2745 animo
752 2691 781 2743 at
800 2691 896 2744 noctes
918 2691 946 2743 et
962 2685 1024 2744 dies
1041 2685 1168 2759 cogitanti

131 2796 227 2857 existit
247 2795 297 2854 itta
316 2812 334 2852 a
354 2793 407 2851 deo
429 2792 547 2866 Delphis
567 2799 713 2866 sumpta
733 2791 872 2866 cognitio,
901 2799 932 2848 ut
957 2791 1019 2865 ipsa
1038 2809 1072 2850 se
1092 2808 1168 2850 mens

132 2908 266 2975 agnoscat
287 2901 516 2972 coniunctamque
537 2910 601 2957 eum
622 2899 717 2957 diuina
736 2903 881 2957 mentesa
904 2900 1021 2971 sentiat,
1055 2916 1090 2956 ex
1114 2914 1167 2972 quo

132 3007 284 3065 insatiabili
312 3004 415 3077 gaudio
443 3005 608 3076 completur.
664 3007 728 3076 ipsa
757 3005 833 3063 enim
860 3004 992 3077 cogitatio
1021 3005 1058 3062 de
1088 3005 1118 3062 ui
1142 3010 1169 3060 et

133 3119 231 3171 natura
252 3112 369 3168 deorum
389 3108 512 3166 studium
527 3110 650 3166 incendit
665 3109 742 3167 illins
764 3111 929 3170 aeternitatis
949 3111 1100 3170 imitandae
1121 3127 1168 3168 nc·

130 3237 189 3296 nuc
211 3235 243 3278 se
263 3218 294 3275 iu
314 3215 449 3274 breuitate
471 3216 545 3274 uitae
565 3217 728 3275 collocatam
749 3223 835 3290 putat,
851 3235 939 3293 quum
959 3234 1055 3275 rerum
1075 3233 1169 3277 causas

134 3329 205 3387 alias
224 3344 260 3385 ex
279 3325 342 3384 aliis
363 3329 441 3398 auus
463 3330 491 3381 et
511 3323 674 3382 necessitate
694 3340 779 3383 nexas
799 3323 886 3398 uidet,
898 3325 1048 3398 quibusab
1059 3330 1169 3382 aeterno

202 3588 247 3638 6⁸.
259 3588 445 3654 descriptione)
454 3588 619 3651 discriptione
627 3587 684 3660 tte,
712 3586 818 3653 tertius)
836 3603 869 3639 ue
887 3594 912 3639 et
927 3589 1035 3639 uiuendi
1054 3594 1169 3652 antepos.

132 3675 164 3722 tn
179 3673 223 3738 a,
239 3673 286 3722 scd
303 3685 415 3722 mutum.
433 3669 584 3737 iudicando)
601 3672 770 3724 indicandone
786 3673 841 3723 litt
876 3670 1061 3739 consequeus)
1074 3685 1170 3724 conue-

134 3757 209 3807 niens
225 3758 255 3807 Ρ.
289 3756 389 3820 quum)
406 3762 460 3805 tum
477 3755 532 3805 ΡΟ.
574 3757 610 3806 69
635 3759 691 3818 cst)
717 3764 785 3806 esset
801 3757 854 3806 ΗΡ.
897 3757 942 3819 qui
960 3757 1098 3822 interitus)
1114 3769 1170 3818 qun

134 3839 221 3888 intll.
255 3842 441 3901 sustineantur)
458 3841 601 3891 sustineant
616 3840 669 3890 lll’.
703 3842 828 3891 sustineat
836 3841 867 3891 0.
901 3839 965 3905 qua)
983 3841 1009 3891 in
1027 3853 1078 3903 qua
1092 3839 1169 3890 nuti.

134 3920 271 3984 expetant)
287 3930 419 3985 expectant
434 3924 487 3974 ΚΡ.
521 3924 646 3984 rotundo)
662 3926 774 3975 rutundo
791 3926 845 3976 ΒΡ.
879 3925 922 3978 70.
944 3924 1075 3987 tractanti)
1099 3923 1170 3974 tracti

133 4005 163 4054 Ρ.
190 4004 422 4068 adeo)deoll1’.
458 4007 614 4071 completur)
630 4010 787 4070 eomuteatur
803 4010 858 4061 itit.
891 4008 1018 4074 incendit)
1036 4008 1170 4060 inceditlt.

134 4087 285 4152 imitandae)
302 4088 421 4139 imitandi
439 4091 491 4141 ΒΡ.
526 4091 691 4156 coitocntaru)
707 4093 835 4144 conlocata
853 4092 885 4142 lt.
920 4092 1080 4143 conlocatum
1099 4094 1128 4143 Ρ.
