2610 4634
93 272 97 281 “
130 267 172 330 72
346 266 571 329 wseuunn.
594 282 939 330 nrsrurnrronun

131 487 193 530 sum
219 471 325 529 doloris
352 472 430 529 idem
454 471 559 531 illarius
591 471 727 546 ostendit;
760 487 824 532 ‚crus
851 472 926 529 enlm
958 472 1080 530 alterum
1111 492 1162 532 non

131 579 266 652 praebuit.
298 579 339 636 Ita
360 583 387 634 et
408 578 469 635 tulit
489 578 615 634 dolorem
637 584 667 634 ut
688 578 733 634 uIr
752 583 780 634 et
800 584 831 636 ut
848 578 932 635 homo
944 580 1083 637 maiorem
1094 581 1163 638 ferre

131 684 192 741 sine
214 701 296 742 causa
322 684 477 742 necessaria
504 684 602 742 uoluit.
647 684 749 741 Totum
770 683 856 755 igitur
876 686 904 741 in
927 702 961 742 eo
984 692 1043 760 est,
1068 693 1099 744 ut
1118 688 1163 745 tibi

130 790 261 864 imperes.
305 789 420 847 Ostendi
442 795 549 861 autem,
577 788 654 862 quod
675 797 747 847 esset
768 791 923 864 imperandi
945 808 1036 863 genus
1046 817 1061 867 ,·
1084 801 1164 868 alque

130 898 200 955 baec
221 896 360 968 cogitatio,
383 895 450 968 quid
472 895 611 967 patientia,
630 896 696 968 quid
716 897 885 970 tortitudine,
898 897 966 969 quid
978 901 1164 970 magnitudIne

131 1003 216 1061 animi
243 1001 439 1074 dignIssimum
465 1001 515 1075 sit,
547 1018 603 1058 non
632 1003 722 1058 solum
755 1003 876 1059 animum
911 1005 1085 1080 comprimit,
1119 996 1184 1063 sed

131 1109 223 1182 ipsum
244 1109 326 1165 etiam
348 1109 483 1180 dolorem,
506 1107 599 1163 nescio
622 1124 678 1179 quo
701 1114 791 1181 pacto,
813 1109 951 1166 mitiorem
974 1109 1049 1170 lacit

215 1214 323 1271 xxlll.
356 1210 406 1272 54.
439 1215 475 1271 Ut
497 1213 570 1270 enim
592 1214 622 1270 lit
643 1214 673 1271 iu
693 1213 818 1287 proelio,
840 1221 871 1270 ut
892 1215 1012 1286 ignauus
1033 1217 1115 1275 miles
1136 1236 1166 1276 ac

131 1321 244 1378 timidus
266 1321 348 1379 simul
369 1338 401 1378 ac
422 1319 522 1377 uiderit
543 1321 661 1393 hostem,
683 1320 790 1377 abiecte
813 1328 891 1377 scuto
914 1321 1010 1393 fugiat,
1034 1331 1165 1395 quantum

132 1428 236 1502 possit,
266 1433 293 1484 et
320 1428 356 1484 ob
384 1444 444 1484 eam
466 1443 575 1483 eausam
604 1432 698 1498 pereat
725 1443 925 1500 nonnunquam
951 1429 1036 1486 etiam
1058 1431 1165 1504 integro

132 1547 260 1607 corpore,
282 1551 368 1608 quum
390 1534 426 1607 ei,
449 1534 497 1608 qui
519 1532 632 1608 steterit,
651 1533 720 1589 nihil
742 1536 945 1591 taleeuenerit:
969 1535 1019 1609 sic,
1043 1539 1093 1610 qui
1116 1538 1167 1594 do-

133 1642 200 1698 loris
223 1643 343 1714 speciem
364 1641 437 1697 serre
458 1658 514 1696 non
536 1645 667 1713 possunt,
696 1639 819 1696 abiciunt
846 1656 876 1696 se
903 1646 986 1712 atque
1015 1642 1051 1697 ita
1074 1643 1166 1700 afflicti

133 1755 161 1804 et
183 1747 328 1804 exanimati
342 1747 446 1826 iacent3
463 1748 511 1818 qui
533 1752 624 1802 autem
646 1747 813 1818 restiterunt,
836 1746 982 1802 discedunt
1003 1728 1167 1821 saepissime

132 1854 301 1925 superiores.
346 1853 416 1908 Sunt
443 1851 517 1907 enim
539 1853 674 1925 quaedam
695 1851 778 1907 animi
801 1851 995 1910 similitudines
1018 1870 1083 1910 cum
1105 1832 1166 1912 cor-

132 1974 210 2030 pore.
253 1959 289 2014 Ut
309 1974 393 2015 onera
415 1958 546 2014 contentis
569 1958 732 2031 corporibus
754 1957 860 2015 facilius
882 1958 1018 2034 feruntur,
1039 1962 1167 2020 ‘remissis

132 2065 306 2138 opprimunt,
341 2063 479 2120 simillime
506 2064 614 2125 animus
641 2063 792 2121 intentione
824 2079 875 2121 sua
903 2064 1017 2136 depellit
1039 2083 1168 2138 pressum

133 2187 244 2228 omnem
263 2172 428 2245 ponderum,
441 2170 605 2228 remissione
625 2177 717 2228 autem
738 2171 779 2228 sic
799 2177 924 2243 urgetur,
946 2177 976 2227 ut
998 2188 1029 2228 se
1051 2180 1168 2247 nequeat

133 2278 275 2333 extollere.
318 2274 368 2335 55.
390 2278 464 2334 Etsi
485 2278 772 2351 eorumquaerirpus,
794 2275 965 2334 inomnibus
978 2278 1080 2337 ostiolis
1102 2297 1167 2353 per-

133 2383 282 2455 sequendis
309 2383 394 2439 animi
420 2390 461 2440 est
487 2384 645 2441 adhibenda
662 2385 820 2440 eontentio.
868 2385 910 2440 Ea
937 2391 979 2441 est
1006 2387 1067 2471 sela
1094 2387 1168 2444 ellici

132 2496 261 2562 tanquam
295 2489 429 2546 custodia.
473 2491 529 2548 Sed
562 2491 615 2547 hoc
644 2489 755 2564 quidem
783 2489 813 2545 in
846 2490 942 2546 dolore
975 2492 1095 2549 maxime
1129 2500 1170 2550 est

132 2596 345 2677 prouidendum,
368 2614 404 2654 ne
426 2597 493 2670 quid
514 2599 629 2671 abiecte,
651 2614 686 2653 ne
707 2595 774 2670 quid
785 2597 889 2669 timide,
912 2614 946 2653 ue
969 2598 1036 2670 quid
1057 2597 1168 2670 ignaue,

39 2712 63 2739 -·
134 2721 169 2758 ne
191 2702 258 2776 quid
280 2703 418 2761 seruiliter
439 2706 645 2762 muliebriteme
667 2704 814 2777 faciamus3
837 2703 866 2759 in
889 2703 1041 2776 primisque
1064 2705 1169 2762 refute-

134 2815 179 2864 tur
200 2826 231 2864 ac
253 2810 381 2866 reiciatur
397 2812 582 2868 Philocteteus
605 2812 652 2867 illc
673 2812 786 2866 clamor.
830 2811 1016 2881 lngemiseere
1037 2828 1168 2868 nonunn-

135 2932 217 2986 quam
239 2915 300 2972 uiro
322 2934 485 2975 cencessum
506 2925 548 2974 est
568 2919 653 2990 idque
675 2932 753 2989 rar03
777 2915 893 2971 eiulatus
916 2934 951 2972 ne
973 2918 1083 2974 mulieri
1104 2918 1168 2990 qui·

134 3023 208 3077 doru.
250 3022 287 3077 Et
311 3022 355 3077 hic
381 3023 512 3080 nimirum
540 3030 582 3080 est
602 3025 696 3095 lletus,
720 3039 803 3094 quem
825 3022 971 3079 duodecim
1002 3025 1113 3081 tabulae
1141 3024 1170 3080 in
1199 3068 1203 3075 ,

135 3127 278 3183 funeribus
300 3127 427 3185 adhiberi
448 3136 603 3187 uetuerunt.
647 3126 859 3188 bodeclee
882 3134 1061 3202 unquamne
1089 3131 1169 3202 inge-

134 3233 226 3290 miseit
252 3233 364 3306 quidem
386 3237 430 3292 uir
451 3237 530 3293 fertis
553 3255 583 3294 ac
605 3238 730 3309 sapiens,
758 3236 811 3292 nisi
834 3235 906 3293 forte
936 3242 965 3292 ut
986 3253 1017 3292 se
1049 3238 1172 3294 intendat

135 3342 169 3398 ad
191 3339 362 3414 firmitatem,
394 3343 473 3399 otiu
495 3344 584 3400 stadio
606 3359 733 3400 cursores
753 3345 922 3414 exclamant,
945 3359 1029 3414 quam
1050 3344 1169 3400 maxime

134 3455 261 3521 possunt.
305 3448 418 3505 Faciunt
444 3449 534 3522 idem,
568 3467 654 3524 quum
682 3456 860 3521 exercentur,
894 3449 1027 3520 athletae3
1060 3451 1169 3521 pugiles

134 3573 223 3630 uero,
249 3557 331 3614 etiam
352 3573 439 3629 quum
460 3557 561 3613 feriunt
582 3555 787 3627 aduersarium,
814 3555 842 3610 iu
871 3554 1002 3611 iactandis
1031 3557 1169 3613 caestibus

135 3661 335 3737 ingemiscunt5
357 3680 413 3719 nen
435 3666 510 3736 qued
532 3664 645 3720 doleant
665 3642 793 3720 animone
816 3661 1010 3735 succumbant,
1033 3663 1082 3718 sed
1105 3661 1170 3736 quia

202 3853 244 3904 54.
263 3863 288 3906 et
305 3858 337 3907 eb
354 3858 426 3922 eam)
443 3860 475 3909 ob
493 3871 549 3908 eam
566 3857 620 3906 ΒΡ.
649 3858 681 3909 ob
700 3870 807 3920 eamque
825 3858 856 3908 0.
891 3856 1032 3922 contentis)
1049 3858 1170 3909 contectis

135 3937 164 3986 P.
199 3937 243 3990 55.
267 3941 468 4004 persequendIs)
490 3943 665 4004 persequentis
686 3942 741 3993 ΒΡ.
782 3939 975 4006 lngemlseere)
997 3943 1170 4002 ingemescere

136 4022 189 4070 RP.
232 4022 274 4071 56.
302 4036 333 4073 ue
359 4024 517 4087 ingemiscit)
543 4038 590 4075 nec
616 4026 767 4086 ingemescit
792 4027 844 4075 ΒΡ.
888 4023 1010 4087 athletae)
1037 4028 1112 4076 atlete
1138 4026 1170 4074 Β.

68 4104 71 4109 ‘
138 4107 251 4156 anhletac
268 4107 297 4159 P.
334 4105 516 4172 ingemiscunt)
534 4109 707 4170 ingemescens
723 4109 755 4159 Β.
790 4110 861 4173 quia)
879 4122 929 4170 quu
946 4107 998 4163 ΒΡ.
1048 4158 1052 4164 .
