2610 4634
130 303 192 365 152
345 313 575 359 ruscorum
604 311 954 357 nrsrursrtonum

130 507 267 579 sapientes
290 511 317 562 et
337 505 510 561 habebantur
532 511 559 560 et
580 501 807 575 nominabantur,
836 501 924 574 idque
946 519 1047 558 eorum
1069 519 1159 558 nomeu

129 630 221 687 usque
243 614 278 669 ad
288 611 462 685 Pythagorae
478 609 601 667 manauit
622 615 747 678 nentem,
771 625 866 681 quem,
890 615 920 664 nt
941 608 1041 664 scribit
1062 608 1163 666 auditor

131 720 256 778 Platonis
276 718 409 775 Ponticus
430 717 610 788 Heraclides,
632 717 677 771 uir
697 715 795 771 doctus
817 714 846 770 in
869 715 987 788 primis,
1010 716 1161 772 Phliuntem

131 829 222 886 ierunt
243 826 365 898 uenisse,
387 841 508 896 eumque
530 840 593 879 cum
607 825 719 894 Leonte,
738 821 864 894 principe
876 822 1079 893 Phliasiorum,
1090 823 1162 878 docte

131 941 159 992 et
180 933 293 1006 copiose
314 931 481 988 disseruisse
503 930 646 1003 quaedam.
697 927 782 985 Cuius
810 928 956 999 ingenium
978 935 1007 985 et
1035 930 1162 1001 eloquen-

130 1041 196 1097 tiam
228 1056 314 1112 quum
347 1036 497 1095 admiratus
530 1042 604 1092 esset
636 1035 930 1108 Leon,=quaesiuisse
965 1053 999 1092 ex
1033 1053 1084 1106 eo,
1116 1053 1162 1107 qua

130 1147 250 1203 maxime
261 1151 318 1202 arte
330 1145 497 1213 confideret3
520 1150 547 1199 at
567 1142 754 1199 illum'artem
777 1143 891 1215 quidem
914 1159 945 1198 se
969 1142 1162 1212 scirenullam,

132 1253 181 1310 sed
203 1269 265 1309 csse
287 1250 494 1324 philosophum.
537 1250 709 1306 Admiratnm
720 1250 853 1305 Leontem
874 1249 1028 1306 nouitatem
1051 1249 1164 1306 nominis

132 1359 315 1434 quaesiuisse,
329 1357 443 1432 quinam
465 1362 561 1413 essent
581 1355 753 1428 philosophi,
766 1362 794 1412 et
815 1355 885 1428 quid
909 1356 981 1412 inter
1003 1374 1055 1413 eos
1076 1363 1104 1413 et
1124 1374 1163 1412 re·

131 1469 224 1541 liquos
236 1467 398 1538 interesset3
421 1463 450 1522 9.
462 1464 649 1536 Pythagoram
666 1469 758 1519 autem
779 1462 961 1533 respondisse
973 1462 1095 1537 similem
1116 1463 1164 1520 sihi

132 1575 224 1631 uideri
245 1574 331 1630 uitam
352 1571 698 1628 hominumetmcrcatum
720 1586 795 1640 eum,
818 1570 865 1641 qni
886 1570 1165 1627 habereturmaximo

133 1682 261 1736 ludorum
284 1685 416 1751 apparatu
439 1678 521 1734 totius
545 1676 677 1734 Graeciae
700 1676 874 1749 celebritate3
903 1695 969 1733 nam
990 1685 1022 1734 ut
1044 1677 1102 1733 illic
1122 1675 1164 1732 alii

133 1788 298 1858 corporibus
327 1785 481 1841 exercitatis
504 1785 622 1855 gloriam
645 1789 672 1838 ct
693 1783 866 1839 nobilitatem
889 1801 1012 1841 coronae
1034 1789 1164 1856 peterent,

130 1893 180 1950 ulii
193 1891 303 1947 emendi
318 1899 364 1947 aut
378 1891 516 1946 uendendi
534 1897 651 1962 quaestu
664 1897 692 1947 et
707 1892 785 1946 lucro
799 1891 976 1964 ducerentur,
991 1899 1068 1948 esset
1081 1897 1165 1948 autem

133 1998 274 2072 quoddam
282 2013 371 2068 genus
379 2014 487 2070 corum,
501 1997 586 2070 idque
594 2000 641 2054 uel
653 1998 772 2054 maxime
786 1999 951 2071 ingenuum,
963 1999 1014 2071 qui
1025 2016 1080 2054 nec
1091 1999 1165 2070 plan·

133 2121 194 2162 sum
211 2121 263 2161 nec
280 2107 388 2161 lucrum
408 2112 584 2178 quaererent,
608 2107 657 2161 sed
675 2104 784 2162 uisendi
806 2120 890 2190 causa
912 2107 1043 2161 uenirent
1063 2105 1165 2161 studio·

139 2212 431 2287 sequeperspicerent,
454 2211 522 2284 quid
543 2217 672 2283 ageretur
694 2219 721 2268 ct
742 2228 799 2283 qno
821 2212 922 2268 modos
944 2212 1013 2269 item
1024 2229 1079 2268 nos
1090 2210 1164 2284 qnasi

132 2322 164 2380 in
183 2327 321 2377 mercatus
342 2320 481 2392 quandam
502 2318 698 2375 celebritatem
712 2336 747 2375 ex
769 2320 838 2376 urhe
861 2319 963 2393 aliqua,
987 2320 1029 2376 sic
1050 2319 1081 2375 in
1101 2319 1166 2376 hane

132 2427 218 2483 uitam
240 2445 275 2483 er
296 2426 350 2483 alia
373 2426 430 2482 uita
456 2432 485 2481 et
510 2432 606 2482 natura
628 2425 786 2499 proiectos,
810 2425 881 2483 alios
910 2425 1021 2497 gloriae
1050 2426 1164 2496 seruire,

133 2533 204 2590 alios
226 2535 376 2607 pecuniae3
405 2550 482 2590 raros
505 2549 567 2589 csse
589 2533 742 2606 quosdam,
770 2532 819 2606 qui
840 2533 941 2589 ceteris
964 2533 1097 2590 omnihus
1118 2549 1166 2605 pro

134 2641 222 2697 nihilo
245 2640 346 2697 habitis
369 2657 463 2697 rerum
486 2646 609 2695 naturam
632 2639 756 2696 studiose
778 2641 969 2713 intuerentur3
993 2640 1046 2728 hos
1069 2658 1100 2697 se
1120 2656 1166 2711 ap-

133 2750 240 2822 pellare
261 2747 412 2818 sapientiae
434 2746 573 2803 studiosos
596 2745 779 2820 (idestcnim
791 2747 1011 2819 philosophos);
1035 2754 1064 2803 ct
1084 2755 1116 2804 ut
1134 2747 1167 2802 il·

134 2856 171 2912 lic
192 2854 419 2911 liberalissimum
448 2859 522 2910 esset
543 2861 667 2926 spectare
689 2854 759 2910 nihil
781 2854 834 2911 sihi
858 2841 1059 2927 ac'quirentem,
1082 2853 1168 2910 sicin

133 2963 190 3016 uita
212 2962 296 3030 longe
314 2960 443 3016 omnihus
455 2960 553 3016 studiis
570 2961 831 3032 contemplationem
852 2979 947 3018 rerum
959 2961 1169 3034 cogitationem·

134 3064 188 3138 que
210 3073 360 3137 praestare.

220 3172 269 3229 IV.
288 3169 337 3230 10.
353 3172 412 3227 Nec
431 3188 498 3227 uero
510 3172 681 3245 Pythagoras
702 3175 822 3231 nominis
844 3177 936 3232 solum
957 3175 1100 3249 inuentor,
1123 3174 1170 3231 scd

135 3298 229 3339 rerum
251 3279 332 3337 etiam
354 3281 478 3351 ipsarum
500 3280 683 3352 amplificator
711 3281 772 3338 init
822 3283 876 3350 Qui
904 3300 991 3356 quum
1013 3289 1078 3355 post
1100 3283 1171 3339 hunc

134 3389 287 3448 Phliasium
309 3403 466 3444 sermonem
488 3386 516 3442 in
542 3387 649 3444 ltaliam
671 3388 809 3457 uenisset,
833 3391 977 3446 exornauit
998 3407 1061 3447 eam
1085 3390 1170 3446 Grae·

135 3499 223 3569 ciam,
246 3514 317 3570 qnae
339 3497 439 3568 magna
461 3495 533 3552 dicta
555 3501 613 3568 est,
642 3503 670 3552 et
691 3497 820 3568 priuatim
843 3503 871 3554 et
892 3497 1003 3569 publice
1026 3504 1171 3568 praestan·

135 3605 249 3662 tissimis
271 3610 299 3660 et
319 3603 448 3661 institutis
470 3609 498 3658 et
520 3603 634 3660 artibus.
678 3603 765 3660 Cuius
786 3603 821 3660 de
844 3604 991 3676 disciplina
1013 3604 1172 3660 aliudtem·

135 3728 187 3782 pus
210 3711 294 3767 luerit
314 3710 431 3766 fortasse
453 3710 571 3766 dicendi.
617 3711 672 3765 Sed
695 3711 730 3766 ah
752 3711 862 3784 antiqua
884 3710 1062 3783 philosophia
1084 3726 1173 3783 usque

202 3989 370 4056 Phliuntem)
397 3993 543 4041 Phliuntem
567 3992 619 4042 ΒΡ.
663 3994 689 4043 9.
707 3990 807 4057 uitam)
825 3996 877 4042 nitu
897 3993 927 4042 n.
972 3991 1172 4055 illic)illillP.
1213 4005 1216 4010 ·

135 4074 217 4138 item)
234 4075 268 4124 ita
287 4075 352 4123 Non.
371 4091 397 4138 p.
419 4075 486 4125 431.
508 4077 696 4141 celebritatem)
718 4078 761 4128 Sic
779 4077 845 4127 Non.
864 4077 881 4125 l.
901 4078 916 4125 t.
952 4077 1100 4128 celebritate
1117 4077 1172 4126 ΒΡ.

137 4158 387 4225 cogitationemque)
406 4154 630 4223 cognitionemque
651 4161 682 4210 0.
