2610 4634
412 315 490 363 nin.
511 302 535 363 1.
578 317 661 364 can.
684 300 818 365 itt-1⁷.
1089 304 1131 367 lt

93 505 205 583 theatri,
222 506 252 564 in
269 521 326 580 qno
347 512 412 563 sunt
431 504 611 565 mulierculae
631 512 659 563 et
679 507 769 581 pueri,
791 513 920 565 mouetur
940 507 1055 565 audiens
1075 515 1132 567 iam

94 616 199 689 grande
222 629 348 672 carmen:
973 608 976 614 ’

135 720 241 780 Adrum
262 726 345 792 atquc
367 716 647 777 conuiuicimusa
668 723 720 777 aia
740 723 791 777 ain
812 721 872 778 olto
893 727 977 794 atque
998 725 1090 781 arduo

135 829 191 886 Per
212 828 357 900 speluncas
379 829 459 883 anais
480 831 600 882 structos
623 829 746 898 asperia,
764 830 956 903 pendentibus,

135 935 282 1008 mammo,
304 936 353 990 obi
373 936 470 1005 rigido
490 938 599 990 coortat
621 951 718 990 croam
739 934 832 1005 caligo
854 936 982 1009 inferum,

92 1049 257 1113 tantumque
277 1039 364 1096 ualuit
385 1055 474 1112 error,
498 1040 547 1111 qui
569 1039 637 1095 mibi
659 1040 772 1112 quidem
793 1041 848 1097 iam
870 1042 994 1098 sublatus
1011 1041 1131 1114 uidetur,

93 1156 133 1220 ut,
156 1164 275 1219 corpora
296 1152 415 1202 cremata
434 1163 523 1218 quum
544 1145 656 1220 scirent,
678 1153 771 1202 tamen
792 1163 825 1203 ea
846 1148 906 1204 fieri
928 1149 1000 1220 apud
1025 1148 1132 1205 inferos

93 1257 248 1327 tingerent,
277 1271 348 1326 quae
376 1253 436 1310 sine
458 1252 620 1325 corporibus
643 1271 694 1309 nec
715 1253 776 1309 tieri
797 1260 912 1326 possent
932 1273 983 1312 nec
1004 1253 1132 1326 intelligi.

93 1363 211 1419 Animos
234 1360 308 1418 enim
328 1368 379 1432 per
401 1359 528 1432 seipsos
550 1359 677 1416 uiuentes
705 1376 760 1415 non
789 1366 916 1431 poterant
941 1367 1033 1439 mente
1055 1378 1133 1418 com·

94 1469 200 1543 plecti3
229 1466 347 1524 formam
368 1467 489 1540 aliquam
510 1466 682 1537 figuramque
704 1467 881 1537 quaerebant
924 1468 993 1524 lnde
1015 1467 1133 1525 Homeri
1243 1462 1267 1546 u'

94 1565 292 1646 intereuntem
315 1574 380 1630 inde
402 1590 444 1645 ea,
467 1589 539 1646 quae
559 1589 640 1629 meus
662 1572 766 1629 amicus
787 1573 895 1646 Appius
909 1575 1133 1652 νεκυομαντεῖα

95 1681 233 1756 iaciebat3
256 1681 321 1738 inde
341 1680 372 1737 in
392 1680 494 1737 uicinia
514 1686 609 1736 nostra
629 1679 734 1735 Auerni
756 1679 842 1752 lacus,

140 1789 217 1846 Unde
238 1791 346 1844 animae
367 1791 522 1844 commutor
544 1789 663 1843 obscuro
690 1789 790 1843 umbro
811 1792 907 1860 aperto
930 1804 964 1844 aa
985 1788 1058 1843 ostio

136 1893 218 1952 Attae
241 1893 411 1967 Acheruntis,
434 1894 510 1951 calco
533 1897 678 1966 sanguine,
699 1898 870 1949 mortuoram
892 1896 1036 1965 imagines.

95 2002 155 2059 Has
176 2007 269 2058 tamen
290 2000 424 2073 imagines
454 2001 530 2073 loqui
557 2001 671 2075 uolunt,
700 2001 776 2073 quod
802 2000 864 2056 lieri
885 2017 937 2056 nec
958 1999 1018 2056 sine
1040 1999 1135 2069 lingua

95 2125 149 2166 nec
171 2108 232 2165 sine
252 2109 344 2181 palato
366 2125 418 2164 nec
440 2109 500 2164 sine
528 2106 667 2182 sancium,
696 2109 828 2179 laterum,
858 2107 1021 2179 pulmonum
1050 2105 1079 2161 ui
1108 2111 1136 2162 et

95 2216 186 2288 ligura
206 2221 308 2289 potest.
349 2215 428 2271 Nihil
455 2215 530 2271 enim
557 2213 649 2270 animo
677 2213 773 2270 uidere
801 2219 943 2287 poterant,
975 2213 1011 2269 ad
1038 2212 1135 2268 oculos

97 2321 190 2379 omnia
211 2321 377 2378 referebant
419 2318 470 2380 38.
492 2320 587 2391 Magni
609 2327 700 2379 autem
722 2325 765 2376 est
786 2319 881 2391 ingeni
902 2336 1033 2376 reuocare
1034 2335 1135 2406 vmen·

96 2434 153 2486 tem
174 2446 190 2485 a
213 2428 341 2485 sensibus
363 2434 391 2484 et
412 2427 608 2499 cogitationem
627 2429 661 2484 ab
679 2427 878 2484 consuetudine
900 2428 1046 2498 abducere.
1079 2427 1135 2482 lia·

97 2551 153 2608 qne
174 2536 259 2592 credo
281 2535 412 2609 equidem
433 2534 515 2590 etiam
537 2534 607 2590 alios
630 2540 670 2590 tot
691 2533 826 2605 saeculis;
850 2535 916 2607 sed,
939 2533 1015 2606 quod
1037 2532 1135 2589 litteris

97 2648 184 2716 extet,
212 2642 387 2714 Pherecydes
417 2642 514 2714 Syrius
545 2641 651 2713 primns
682 2640 752 2695 dixit
778 2639 885 2697 animos
907 2655 969 2696 esse
991 2638 1136 2695 bominum

97 2749 298 2823 sempiternos,
326 2748 454 2821 antiquus
486 2765 567 2821 sane,
597 2747 649 2804 init
682 2747 756 2803 enim
784 2764 847 2803 meo
875 2752 1007 2818 regnante
1029 2744 1136 2816 gentili.

96 2855 177 2912 Hanc
199 2855 360 2928 opinionem
382 2855 535 2927 discipulus
558 2855 616 2911 eins
628 2855 799 2928 Pythagoras
816 2854 935 2912 maxime
952 2851 1135 2926 confirmauit,

97 2962 145 3035 qui
163 2980 249 3036 quum
266 2964 394 3034 Superbo
412 2968 543 3034 regnante
562 2962 591 3017 in
608 2962 715 3018 ltaliam
737 2962 877 3037 uenisset,
900 2961 988 3019 tenuit
1008 2975 1138 3030 magnam

96 3068 174 3126 illam
196 3069 340 3126 Graeciam
361 3085 448 3142 quum
475 3061 614 3147 [bonore]
638 3069 799 3142 disciplina,
827 3075 886 3126 tum
914 3069 1003 3137 etiam¹
1017 3066 1136 3123 auctori·

95 3181 161 3250 iate,
184 3177 324 3248 multaque
346 3176 454 3232 saecula
476 3180 573 3247 postea
595 3175 635 3232 sic
656 3175 746 3247 uiguit
761 3176 1001 3249 Pythagoreorum
1023 3190 1136 3248 nomen,

96 3290 128 3340 ut
149 3282 219 3339 nulli
240 3282 288 3338 alii
309 3282 383 3339 docti
405 3282 574 3338 uiderentur.

182 3389 274 3446 XVll.
308 3390 364 3446 Sed
385 3390 471 3444 redeo
498 3389 534 3444 ad
559 3387 697 3461 antiquos.
741 3389 887 3445 Rationem
915 3386 958 3443 illi
986 3369 1141 3443 sententiae

97 3510 164 3552 suae
185 3512 243 3552 non
266 3494 326 3553 tere
347 3495 516 3568 reddebant,
544 3494 600 3551 nisi
628 3494 697 3569 qnid
717 3500 778 3552 erat
802 3494 927 3551 numeris
955 3497 1003 3548 aut
1030 3489 1137 3548 descri-

165 3735 400 3811 oeaoopaucaia)
419 3746 692 3800 NEPciolllNTbl
708 3746 741 3796 R.
759 3734 983 3812 νεκρομαντεῖα
1001 3743 1032 3795 o.
1069 3744 1140 3795 nici-

95 3826 160 3893 nia)
180 3829 244 3883 uitia
270 3830 302 3880 ll.
337 3836 423 3894 riperto
447 3846 476 3882 ex
500 3833 565 3884 ostio
587 3831 672 3893 Altae)
699 3836 785 3893 aperte
812 3831 894 3881 hostio
918 3831 967 3880 alte
984 3830 1017 3880 ll.
1052 3834 1139 3892 aperto

97 3914 163 3964 ostio
180 3913 234 3963 Atti
256 3914 287 3964 0.
323 3920 478 3965 mortuorum
497 3917 634 3979 imagines)
652 3917 697 3965 im.
716 3921 790 3966 mort
807 3915 839 3965 ll.
874 3916 916 3973 38.
934 3911 1069 3979 reuocare)
1094 3926 1140 3963 se-

97 4010 188 4049 uocare
207 3997 238 4048 0.
274 3998 358 4058 extet)
383 4005 463 4048 exstet
480 3998 636 4065 [proditum]
661 4000 692 4051 0.
731 3997 840 4063 syrius)
858 3999 937 4060 syrus
955 4000 987 4050 ll.
1021 3993 1140 4060 primus)

97 4083 210 4145 primum
224 4084 256 4134 n.
293 4081 588 4148 [bonoreJdisciplinni
607 4086 700 4135 bonore
719 4084 855 4147 disciplina
872 4084 904 4133 ll.
939 4085 1034 4134 bonore
1058 4080 1141 4132 disei-

96 4167 182 4230 plinae
199 4166 232 4222 0.
267 4165 495 4235 descriptionibus)
512 4169 720 4232 discriptionibus
737 4166 771 4219 n.
