2610 4634
200 257 263 322 lue
415 268 1034 317 ruscunau.nrsnursrronum

85 448 88 456 ¹
199 463 295 535 tiores,
318 476 485 533 eorumque,
508 458 556 532 qui
577 459 716 532 priuatum
736 458 823 516 otium
845 460 963 531 negotiis
985 461 1107 532 publicis
1129 468 1233 519 antetu-

200 571 308 643 lerunt,
337 567 499 624 nominatim
520 566 576 623 uita
598 567 738 640 laudatur,
765 584 817 623 nec
838 567 937 623 siletur
958 566 1029 624 illud
1050 570 1234 640 potentissimi

200 676 276 748 regis
304 681 497 748 anapaestum,
529 673 578 746 qui
604 674 697 730 laudat
719 672 814 731 senem
835 681 863 731 ct
884 675 1053 731 lomunatum
1076 692 1140 733 esse
1162 677 1235 752 dicit,

201 784 276 857 qnod
297 781 434 852 inglorius
456 780 492 837 sit
512 786 595 853 atque
616 779 749 850 ignobilis
777 781 812 836 ad
834 796 997 853 supremum
1019 781 1095 839 diem
1116 799 1236 856 peruen-

200 897 287 947 turus.
324 885 375 946 58.
387 887 521 944 Similiter
542 887 792 943 commemorandis
814 889 948 960 exemplis
971 888 1104 946 orbitates
1126 906 1238 965 quoque

200 996 319 1055 liberum
341 993 551 1066 praedicantur,
584 1011 753 1066 eorumque,
786 995 834 1067 qui
862 994 974 1066 grauius
1004 995 1113 1070 lerunt,
1149 998 1250 1056 luctus·

199 1102 319 1159 aliorum
340 1099 475 1172 exemplis
497 1100 651 1174 leniuntnr3
685 1100 726 1156 sic
747 1101 894 1173 perpessio
917 1108 1074 1158 ceterorum
1097 1103 1181 1177 facit,
1208 1113 1238 1162 ut

157 1200 159 1204 ’
200 1226 243 1282 ca,
265 1225 336 1281 quae
357 1206 516 1281 acciderint,
537 1207 625 1263 multo
648 1206 766 1279 minora,
789 1224 871 1279 qnam
888 1213 988 1279 quanta
1007 1209 1063 1265 sint
1074 1209 1237 1286 existimata,

199 1314 354 1373 uideantur.
387 1315 428 1371 lta
449 1315 480 1371 fit
500 1314 604 1371 sensim
626 1313 819 1385 cogitantibus,
841 1320 881 1387 nt,
904 1320 1038 1387 quantum
1056 1315 1093 1371 sit
1109 1321 1239 1378 ementita
1265 1350 1270 1359 ·

200 1421 306 1494 opinio,
330 1428 466 1494 appareat.
509 1423 603 1494 Atque
624 1421 678 1478 hoc
699 1421 774 1478 idem
796 1424 824 1477 et
845 1420 962 1476 Telamo
983 1419 1031 1477 ille
1053 1422 1197 1481 declarate

283 1529 348 1601 Epo
372 1545 455 1602 quum
475 1531 604 1602 gossia„

200 1641 228 1693 et
250 1638 390 1694 Theseus:

283 1743 408 1799 Futuras
427 1760 529 1798 mecum
551 1743 752 1798 commentabar
772 1742 909 1812 mumius,

193 1856 227 1906 ,et
257 1850 453 1920 Anaxagorasz
487 1846 616 1904 Sciebam
648 1865 693 1905 me
726 1848 856 1920 genuisse
884 1849 1040 1908 mortalem.
1091 1850 1134 1909 lli
1163 1853 1237 1911 enim

200 1971 297 2012 omnes
325 1955 373 2012 diu
400 1955 551 2026 cogitantes
579 1955 614 2011 de
643 1955 728 2012 rebus
756 1955 882 2011 humanis
905 1956 1096 2027 intelligebant
1117 1975 1166 2016 eas
1186 1975 1238 2020 na·

196 2032 339 2136 'quaquam
371 2078 422 2134 pro
454 2061 585 2133 opinione
611 2063 691 2134 uulgi
722 2078 784 2118 esse
819 2062 1047 2119 extimescendas.
1100 2066 1139 2121 Et
1168 2066 1236 2125 mibi

138 2208 140 2214 ι
199 2168 314 2243 quidem
333 2169 443 2225 uidetur
468 2168 543 2225 idem
571 2167 630 2225 lere
657 2169 782 2226 accidere
808 2168 859 2243 iis,
893 2169 942 2241 qui
969 2175 1031 2226 ante
1058 2170 1237 2247 meditantur,

200 2277 276 2350 quod
297 2276 342 2350 iis,
365 2277 467 2349 quibus
489 2276 615 2332 medetur
636 2276 713 2350 dies,
736 2274 790 2332 nisi
811 2276 886 2348 quod
908 2275 978 2332 ratio
1000 2277 1138 2349 quaedam
1160 2287 1238 2338 sanat

199 2383 283 2456 illos,
311 2384 364 2440 hos
385 2383 446 2455 ipsa
467 2389 563 2439 natura
584 2383 723 2439 intellecto
746 2399 796 2455 eo,
825 2383 983 2455 quadram
1005 2385 1143 2469 continet,
1165 2386 1237 2444 illud

199 2491 320 2564 malurn,
353 2491 430 2563 quod
459 2490 601 2562 opinatum
629 2489 665 2546 sit
691 2504 753 2545 esse
781 2489 946 2564 maximum,
975 2507 1152 2564 nequaquam
1174 2510 1237 2551 esse

199 2601 315 2672 tantum,
338 2603 370 2655 ut
389 2598 474 2655 nium
495 2596 603 2654 beatam
624 2595 713 2668 possit
733 2601 868 2652 euertere.
912 2592 964 2654 59.
981 2597 1045 2652 Hoc
1065 2597 1152 2669 igitur
1173 2599 1237 2657 etn-

60 2772 70 2790 ,
113 2762 117 2768 ,
198 2703 279 2777 citur,
300 2712 332 2760 ut
352 2721 387 2760 ex
408 2706 457 2761 illo
478 2704 642 2777 necopinato
660 2704 742 2774 plaga
758 2701 846 2759 maior
867 2702 912 2775 sit,
936 2719 991 2759 non
1013 2710 1044 2760 ut
1064 2703 1107 2760 illi
1129 2711 1238 2780 putant,

199 2816 246 2883 ut,
277 2827 363 2885 quum
384 2811 495 2869 duobus
516 2827 597 2883 pares
620 2827 700 2867 casus
722 2808 881 2881 euenerint,
910 2808 935 2864 is
955 2811 1040 2866 modo
1062 2811 1239 2882 aegritudine
1273 2811 1279 2824 '

192 2913 349 2989 afficiatur,
377 2917 421 2974 cni
442 2919 491 2974 ille
512 2917 676 2989 necopinato
698 2932 778 2972 casus
800 2915 934 2973 euenerit.
986 2917 1084 2988 ltaque
1105 2896 1238 2976 dicuutur

199 3023 327 3079 nonnulli
347 3023 377 3079 in
398 3039 539 3097 maerore,
567 3039 653 3095 quum
675 3022 710 3078 de
732 3023 783 3078 bac
804 3022 943 3078 communi
970 3023 1115 3081 bominum
1137 3027 1238 3082 condi·

199 3130 279 3186 ciooe
300 3129 471 3186 audiuissent
492 3148 524 3187 ea
546 3131 608 3202 lege
630 3146 692 3185 esse
715 3145 765 3185 nos
787 3119 924 3203 natos,ut
934 3147 1015 3187 nemo
1027 3131 1237 3204 inperpetuum

199 3251 262 3293 esse
283 3242 378 3308 posset
399 3253 498 3322 expers
520 3237 597 3310 mali,
619 3235 730 3308 grauius
753 3235 834 3293 etiam
855 3236 961 3293 tulisse.
1095 3317 1099 3321 ι

283 3342 376 3400 XXV.
398 3343 534 3414 Quocirca
545 3344 711 3415 Carneades,
733 3349 764 3399 ut
784 3343 868 3399 uideo
891 3349 1015 3399 nostrum
1037 3343 1160 3402 scribere
1174 3347 1235 3404 An·

198 3450 331 3525 tiocbum,
353 3451 521 3523 reprendere
544 3450 731 3524 Chrysippum
752 3450 860 3508 solebat
880 3450 1037 3507 laudantem
1047 3450 1238 3524 Euripideum

199 3573 309 3614 carmen
330 3558 414 3614 illud:

265 3768 429 3835 nominatim)
446 3769 570 3819 nominati
586 3769 616 3818 P.
649 3766 787 3833 inglorius)
803 3769 958 3831 ingloriosus
970 3771 1025 3821 ΒΡ.
1060 3770 1102 3821 58.
1113 3769 1235 3834 liberum)

198 3849 334 3901 liberorum
355 3852 385 3903 0.
425 3853 520 3918 genui)
537 3855 612 3915 genui
631 3858 685 3902 turn
704 3854 840 3903 morituros
857 3855 922 3904 sciui
941 3861 967 3904 et
984 3856 1008 3904 ci
1029 3854 1066 3903 rei
1085 3857 1179 3904 sustuli
1198 3856 1232 3906 lt.

184 3939 216 3984 'o
231 3946 314 3983 monn
330 3948 379 3988 seo.
415 3939 500 4003 genui,
526 3936 594 4002 [tum
612 3939 763 3989 moriturum
781 3936 871 4001 sciui]
892 3939 923 3989 0.
958 3939 1043 3998 ratio)
1058 3941 1157 3990 ratione
1175 3941 1229 3990 BP.

197 4031 252 4068 rern
270 4019 390 4082 continet,
408 4020 487 4084 illud)
503 4035 557 4072 rem
576 4023 639 4074 illud
656 4022 768 4073 continet
781 4005 835 4072 ltP.
869 4034 924 4072 rom
942 4023 1056 4073 continet
1064 4022 1095 4072 0.
1129 4023 1172 4073 59.
1190 4037 1235 4075 ra-

198 4100 334 4166 prendere)
351 4104 533 4165 reprehendere
552 4105 583 4155 0.
