2610 4634
210 272 270 332 itu
425 284 651 330 ruscucnu.
686 284 1031 330 uisuurnrrnuuu

209 482 335 532 mentum
356 482 414 547 est,
443 476 518 549 quod
541 481 568 531 ct
588 475 704 531 deornm
725 455 918 546 puluinaribus
941 482 967 532 et
989 476 1081 546 epulis
1103 473 1245 546 magistra·

210 589 288 638 urum
306 583 375 639 fides
394 582 563 655 praecinunt,
577 583 651 654 quod
669 581 812 653 proprium
836 581 896 638 eins
917 581 978 655 fuit,
1001 581 1037 636 de
1059 600 1115 655 qua
1138 584 1246 654 loquor,

211 689 383 762 disciplinae.
416 689 486 747 Mihi
509 688 622 760 quidem
644 687 725 744 etiam
736 689 808 760 Appi
821 687 903 744 Caeci
925 705 1046 759 carmen,
1069 690 1148 760 quod¹
1170 690 1247 745 ualde

211 796 358 852 Panaetius
381 797 474 853 laudat
495 796 610 867 epistola
632 797 761 867 quadam,
785 810 855 866 quae
878 795 975 850 estad
999 796 1033 863 Q.
1058 796 1246 868 Tuberonem,

210 903 414 975 Pythagoreum
443 902 562 959 uidetur.
616 904 702 959 ltlulta
731 901 813 959 etlam
839 908 902 958 sunt
928 901 957 957 in
984 902 1088 958 nostris
1117 902 1247 959 institutis

210 1009 292 1065 ducta
313 1010 348 1064 ab
371 1008 436 1080 illis,
460 1026 531 1082 quae
550 1015 704 1080 praetereo,
727 1025 763 1064 ne
784 1026 827 1080 ea,
850 1007 921 1081 qna'e
939 1008 1098 1080 repperisse
1121 1009 1177 1081 ipsi
1196 1027 1247 1082 pn·

210 1123 317 1188 tamur,
347 1116 459 1171 aliunde
485 1115 615 1171 didicisse
637 1116 790 1172 uideamur.
834 1113 863 1172 5.
888 1106 943 1171 Sed
965 1123 996 1171 nt
1017 1116 1052 1171 ad
1075 1115 1248 1188 propositum

206 1224 306 1278 redeat
326 1222 431 1293 oratio,
454 1238 538 1294 quam
559 1222 638 1278 breui
661 1229 786 1294 tempore
809 1229 877 1294 quot
897 1229 925 1277 et
946 1222 1041 1294 quanti
1063 1226 1179 1294 poiitae,
1202 1221 1248 1295 qui

211 1336 303 1386 antem
325 1337 448 1386 oratores
460 1330 622 1385 extiteruntl
646 1329 726 1386 tacite
748 1335 779 1384 nt
800 1335 929 1400 appareat
940 1336 1052 1385 nostros
1075 1329 1170 1385 omnia
1181 1345 1247 1385 con·

207 1438 292 1510 sequi
313 1437 447 1510 potuisse,
471 1439 554 1492 simul
576 1443 605 1493 ut
627 1438 701 1493 nelle
722 1436 889 1508 coepissent.

297 1543 350 1599 lll.
383 1544 440 1599 Sed
462 1545 497 1600 de
519 1543 617 1599 ceteris
640 1543 737 1599 studiis
760 1541 814 1598 alio
837 1543 900 1599 loeo
923 1548 951 1598 et
972 1541 1114 1616 dicemus,
1137 1543 1247 1599 sinsus

211 1649 305 1722 inerit,
329 1657 356 1706 et
377 1668 460 1723 saepe
482 1651 611 1708 diximus.
663 1650 818 1721 Sapientiae
840 1649 962 1705 studium
983 1657 1063 1706 nctus
1085 1649 1116 1705 id
1138 1650 1249 1723 quidem

213 1756 241 1813 in
264 1757 383 1829 nostris;
410 1758 460 1812 sed
483 1764 573 1813 tamen
596 1763 657 1813 ante
679 1757 756 1813 Laeli
778 1762 893 1812 aetatem
915 1764 943 1813 et
964 1755 1105 1828 Scipionis
1127 1775 1185 1813 non
1205 1774 1271 1814 re·-

212 1864 303 1936 perio,
325 1880 399 1935 qnos
418 1865 559 1935 appellare
571 1864 859 1936 possimnominatim.
894 1863 1003 1932 Quibus
1025 1863 1248 1920 adolescentibus

213 1970 337 2027 Stoicum
358 1970 504 2042 Diogenen
533 1976 561 2026 et
586 1970 782 2027 Academicum
805 1971 974 2026 Carneadem
997 1971 1081 2026 uideo
1103 1971 1141 2028 ad
1170 1987 1248 2027 sena·

211 2084 271 2133 tum
292 2078 327 2133 ab
348 2076 562 2133 Atheniensibus
585 2077 684 2142 missos
714 2094 776 2134 esse
799 2078 920 2147 legatos,
950 2076 998 2148 qui
1024 2094 1113 2149 quum
1136 2077 1176 2133 rei
1198 2094 1248 2150 pu·

212 2183 302 2241 blicae
325 2185 430 2240 nnllam
451 2201 574 2257 unquam
595 2192 702 2255 partem
723 2184 887 2255 attigissent,
910 2190 1039 2255 essetque
1062 2200 1162 2240 eornm
1184 2186 1250 2240 alter

212 2291 387 2364 Cyrenaeus,
417 2293 486 2347 alter
506 2291 695 2365 Babylonius,
722 2308 862 2364 nunqnam
884 2291 1008 2363 prolecto
1031 2291 1138 2347 scholis
1159 2296 1251 2348 essent

212 2397 324 2454 excitati
346 2414 437 2471 neque
459 2400 493 2453 ad
515 2399 584 2455 illud
605 2415 707 2455 munus
730 2399 824 2468 electi,
856 2399 909 2454 nisi
930 2398 959 2454 in
981 2397 1152 2470 quibusdam
1172 2397 1248 2470 prin·

214 2503 325 2576 cipibus
346 2506 518 2577 temporibus
538 2506 595 2563 illis
618 2505 735 2561 luissent
760 2505 848 2561 studia
877 2506 1027 2562 doctrinae.
1082 2498 1139 2572 Qui
1165 2521 1250 2578 quum

216 2620 306 2679 cetera
327 2612 425 2668 litteris
446 2614 617 2686 mandarent,
640 2612 687 2668 alii
708 2611 752 2668 ius
774 2613 867 2685 ciuile,
890 2612 937 2668 alii
957 2611 1096 2668 orationes
1115 2628 1191 2684 snas,
1205 2611 1250 2668 alii

215 2727 392 2778 monumenta
413 2720 565 2794 maiorum,
590 2721 660 2777 bane
680 2719 878 2790 amplissimam
900 2719 1024 2775 omnium
1045 2718 1158 2791 artium,
1181 2720 1251 2776 bene

215 2827 330 2884 uiuendi
359 2827 547 2899 disciplinam,
576 2828 632 2884 uita
659 2827 747 2898 magis
775 2843 858 2899 qnam
891 2813 988 2882 litteris
1009 2824 1150 2898 persecuti
1179 2832 1251 2883 suni.

216 2933 246 2992 ii.
270 2935 366 3005 ltaque
387 2933 463 2990 illius
485 2951 568 2990 uerae
593 2934 781 3006 elegantisque
802 2933 1015 3005 philosophiae,
1039 2950 1112 3005 quae
1134 2933 1252 2990 ductae

218 3041 331 3096 Socrate
358 3041 386 3094 in
410 3040 598 3111 Peripateticis
626 3042 716 3097 adbuc
743 3040 894 3113 permansit
921 3047 948 3096 et
980 3039 1053 3094 idem
1082 3039 1139 3095 alio
1167 3041 1250 3096 modo

216 3146 371 3202 dicentibus
395 3146 506 3220 Stoicis,
529 3164 614 3220 qnum
636 3147 793 3205 Academici
815 3164 913 3203 eorum
934 3145 1139 3203 controuersias
1161 3147 1251 3203 disoe-

217 3260 335 3327 ptarent,
358 3234 434 3309 nulla
455 3252 514 3310 lere
537 3260 600 3310 sunt
620 3261 667 3311 aut
687 3271 774 3328 panca
795 3254 944 3310 admodum
959 3254 1057 3310 Latina
1074 3259 1252 3310 monumenta

215 3457 521 3470 *ua—n—

285 3607 492 3669 odo-tatquoli.
520 3607 720 3671 Pythagoreum)
729 3609 940 3670 Pythagoreorum
951 3608 1003 3657 ΒΡ.
1029 3608 1122 3671 Multa)
1131 3611 1213 3660 multe
1222 3610 1260 3677 ii..

216 3677 375 3754 repperisse)
393 3693 535 3755 perperisse
553 3692 605 3742 RP.
641 3695 771 3752 peperisse
782 3693 813 3742 0.
845 3694 947 3744 aliunde
965 3693 1089 3744 didicisse
1106 3695 1253 3746 uideamnrt

218 3789 269 3824 om·
280 3776 334 3826 ue.
370 3776 392 3824 5.
412 3775 526 3840 nostros)
544 3788 606 3825 snos
623 3775 678 3839 (uei
692 3778 773 3827 simile
791 3780 854 3842 quid
871 3779 940 3826 linea
956 3757 1134 3842 supraducta)
1150 3779 1254 3829 aliunde

218 3860 341 3910 didicisse
359 3861 493 3912 uideamur
509 3863 562 3910 ΒΡ.
596 3861 811 3920 adolescentibus)
829 3864 1066 3913 aduliscentibnsP.
1103 3860 1253 3927 Diogenen)

218 3943 360 4004 Diogenem
379 3943 411 3995 0.
451 3945 590 4010 essetque)
607 3951 743 4007 essenteme
759 3948 788 3997 P.
827 3949 871 3998 alii
890 3947 949 4008 ius)
967 3948 1016 3998 alia
1034 3949 1075 3998 ius
1092 3949 1122 3998 P.
1159 3962 1254 3999 monu-

218 4022 319 4089 mun)
336 4030 559 4096 nme-enum,
573 4029 621 4085 ud
639 4042 706 4081 corr.
722 4025 757 4081 io'
768 4045 884 4085 monum.
902 4039 1031 4083 neomenia
1048 4033 1079 4084 P.
1124 4033 1151 4084 6.
1168 4034 1254 4084 disce-

216 4116 269 4168 nt*
637 4117 800 4179 tpmentiP.
833 4115 890 4182 aut)
907 4129 937 4167 ao
954 4117 1007 4166 ue.
