2610 4634
432 294 509 339 arn.
533 283 567 337 v.
612 295 692 340 car.
717 280 852 341 13-14.
1110 280 1170 343 163

131 485 263 558 Namque
284 483 352 542 alias
373 483 476 540 bestias
498 490 594 541 nantes
616 500 751 557 aquarum
771 483 875 541 incolas
895 499 960 540 esse
981 482 1082 557 uoluit,
1103 484 1172 541 alias

131 593 265 648 uolucres
292 592 372 647 coelo
395 591 449 647 frui
471 591 572 663 libero,
602 597 745 662 serpentes
773 590 1081 663 quosdamquosdan
1110 607 1172 647 esse

130 697 308 770 gradientes,
331 713 426 753 earum
448 695 571 768 ipsarum
593 696 693 769 partim
715 697 871 774 soliuagas,
894 697 995 769 partim
1016 712 1171 768 congrega·

131 808 190 874 tas,
212 802 347 859 immanes
369 802 455 875 alias,
478 804 612 875 quasdam
633 809 725 858 autem
746 801 872 877 cicures,
895 804 1043 859 nonnullas
1065 801 1172 858 abditas

131 915 264 980 terraque
293 915 386 966 tectas.
434 909 525 982 Atque
553 926 648 965 eorum
684 925 811 982 quaeque
840 925 922 965 suum
948 915 1045 966 tenens
1070 925 1172 965 munus

133 998 280 1088 quumin
309 1014 427 1088 disparis
456 1015 601 1072 animantis
624 1015 709 1072 uitam
731 1015 847 1071 transire
870 1032 926 1072 non
949 1015 1053 1088 possit,
1081 1020 1174 1071 manet

130 1119 162 1178 in
183 1122 248 1194 lege
270 1127 400 1194 naturae3
422 1127 450 1177 et
470 1127 500 1177 ut
521 1122 618 1180 bestiis
639 1122 714 1179 aliud
736 1120 783 1176 alii
805 1123 947 1195 praecipui
969 1139 985 1178 a
1006 1128 1103 1178 aratura
1124 1121 1173 1178 da-

132 1233 192 1284 tum
212 1234 271 1301 est,
293 1229 370 1308 quod
391 1245 473 1285 suum
494 1245 621 1301 quaeque
643 1228 741 1284 retinet
769 1245 821 1283 uec
848 1229 966 1285 discedit
985 1229 1021 1284 ab
1050 1245 1099 1300 eo,
1133 1226 1175 1284 sic

133 1333 243 1390 homini
263 1336 351 1391 multo
373 1334 505 1408 quiddam
526 1334 727 1406 praestantius3
757 1335 808 1389 etsi
830 1335 994 1406 praestantia
1016 1335 1173 1391 debentes

132 1440 201 1514 dici,
224 1458 295 1514 qliae
317 1442 421 1497 habent
441 1441 563 1513 aliquam
580 1440 831 1513 comparationem
853 1442 1092 1497 humanusautem
1113 1438 1173 1497 ani·

132 1561 208 1620 mus,
231 1547 377 1620 decerptus
399 1564 433 1602 ex
455 1553 547 1603 mente
570 1547 675 1621 diuina,
700 1563 763 1604 cum
784 1541 928 1603 alionullo
950 1545 1004 1603 nisi
1026 1564 1090 1602 curn
1111 1546 1174 1618 ipso

131 1652 206 1725 deo,
233 1651 258 1709 si
285 1653 340 1710 hoc
367 1653 410 1710 ias
433 1660 475 1710 est
496 1653 587 1726 dictu,
610 1654 763 1726 comparari
785 1659 885 1726 potest.
928 1650 979 1711 39.
1008 1651 1063 1708 Hic
1089 1651 1174 1723 igitur

131 1757 159 1815 si
180 1765 224 1815 est
245 1761 381 1833 excultus,
403 1766 431 1817 et
453 1759 477 1817 si
498 1760 558 1816 eius
580 1760 653 1817 acies
675 1761 711 1816 ita
734 1767 826 1816 curata
847 1765 899 1833 est,
916 1765 947 1816 ut
963 1776 999 1815 ne
1016 1765 1174 1815 caecaretur

132 1865 295 1939 erroribus,
325 1867 356 1923 lit
376 1868 499 1940 perlecta
520 1884 615 1939 mens,
637 1867 667 1923 id
694 1874 737 1924 est
763 1867 887 1924 absoluta
910 1866 1000 1937 ratio,
1029 1866 1105 1939 quod
1133 1871 1175 1921 est

126 1971 210 2029 -idem
232 1971 330 2030 uirtus.
363 1974 401 2030 Et
421 1974 446 2030 si
468 1966 550 2030 omne
572 1974 683 2030 beatum
705 1981 757 2045 est,
780 1978 825 2030 eui
846 1973 916 2030 nihil
938 1974 1025 2044 deest,
1048 1978 1076 2028 et
1097 1973 1174 2045 quod

133 2080 165 2135 in
179 2123 181 2126 .
194 2094 246 2136 suo
274 2095 378 2151 genere
403 2081 544 2152 expletum
572 2087 654 2152 atque
683 2083 850 2138 cumulatum
879 2087 931 2152 est,
954 2079 1039 2152 idque
1065 2077 1174 2135 uirtutis

133 2192 177 2243 est
197 2185 352 2258 proprium,
375 2193 449 2243 certe
471 2204 567 2243 omnes
589 2187 699 2243 uirtutis
722 2192 864 2258 compotes
884 2185 956 2243 beati
978 2191 1051 2240 sunt
1073 2186 1111 2262 Et
1120 2184 1175 2240 hoc

132 2291 249 2366 quidem
270 2292 338 2348 milri
360 2309 423 2350 cum
444 2293 530 2350 Bruto
554 2292 699 2364 conuenit,
721 2293 751 2348 id
779 2298 821 2349 est
842 2309 904 2348 cum
925 2290 1092 2359 Aristotele,
1114 2290 1173 2345 Xo-

132 2405 263 2472 noerste,
292 2399 469 2472 Speusippo,
492 2399 653 2456 Polemone
674 2440 677 2445 ,
696 2397 748 2457 40.
771 2399 827 2456 Sed
849 2397 917 2455 milri
940 2398 1069 2454 uidentur
1092 2397 1174 2453 etiarn

131 2504 297 2563 beatissimi.
339 2505 415 2574 Quid
437 2506 513 2562 enim
533 2507 612 2563 deest
632 2507 668 2562 ad
689 2507 770 2562 beate
790 2505 942 2562 uiuendum
963 2505 1007 2577 ei,
1034 2504 1084 2576 qui
1105 2520 1173 2560 oon-

132 2613 196 2670 tidit
216 2611 274 2669 suis
297 2610 402 2669 bonis?
430 2620 477 2670 aut
503 2613 552 2686 qui
579 2612 698 2686 diffidit,
727 2612 824 2670 beatus
845 2629 909 2669 esse
931 2610 979 2684 qui
1001 2608 1115 2683 potest?
1137 2610 1174 2667 nt

132 2719 243 2776 diffidat
263 2735 378 2776 necesse
400 2725 451 2793 est,
474 2719 523 2792 qui
545 2720 618 2775 bona
644 2720 745 2777 diuidit
765 2718 909 2793 tripertito.
948 2738 951 2743 ’

168 2873 170 2876 .
220 2825 299 2882 XIV.
320 2825 457 2894 Quicnim
464 2826 882 2899 poteritautcorporistirmitate
893 2830 940 2882 aut
952 2825 1077 2880 fortunae
1089 2821 1174 2880 stabi·

133 2931 210 2988 litate
224 2929 389 2988 confidere?
408 2932 493 3005 Atqui
509 2933 564 2990 nisi
574 2933 664 2990 stabili
677 2933 766 2990 etiixo
774 2938 801 2989 et
811 2938 988 3004 permanente
996 2931 1070 2987 bono
1078 2931 1174 2987 beatus

132 3055 199 3094 esse
219 3055 302 3095 nemo
331 3046 430 3110 potest
473 3037 547 3108 Quid
576 3058 644 3113 ergo
666 3039 804 3097 eiusmodi
826 3040 943 3097 istorum
965 3035 1031 3097 est?
1054 3043 1086 3093 ut
1105 3035 1175 3093 mihi

133 3143 253 3202 Laconis
274 3144 345 3201 illud
366 3145 470 3202 dictum
491 3146 521 3203 in
543 3149 595 3204 hos
616 3149 715 3204 cadere
737 3147 880 3218 uideatur,
903 3145 951 3219 ¹(pri
963 3145 1093 3219 glorianti
1114 3144 1176 3200 cui·

130 3252 199 3308 dam
220 3252 376 3325 mercatori,
398 3252 475 3325 quod
496 3253 598 3309 multas
619 3269 705 3309 naues
727 3252 756 3309 in
779 3268 890 3309 omnem
910 3269 989 3309 oram
1010 3250 1175 3307 maritimam

134 3356 303 3415 dimisisset:
325 3358 389 3414 Non
411 3375 479 3415 sane
500 3359 631 3431 optabilis
652 3359 765 3431 quidem
787 3358 854 3428 ista,
877 3357 981 3431 inquit,
1010 3354 1174 3412 rudentibus

133 3467 198 3536 apta
220 3463 339 3521 fortuna.
380 3465 426 3522 An
447 3465 563 3522 dubium
584 3471 641 3538 est,
669 3464 737 3537 quin
760 3463 829 3521 nihil
851 3465 887 3520 sit
907 3462 1067 3519 habendum
1088 3459 1117 3516 in
1139 3476 1174 3517 eo
1188 3501 1199 3514 s.

134 3587 258 3644 genere,
288 3587 345 3644 quo
372 3572 429 3628 uita
454 3573 534 3629 beata
556 3573 727 3644 completur,
759 3570 782 3627 si
804 3571 834 3626 id
855 3569 944 3642 possit
965 3563 1075 3624 amitti?
1096 3565 1174 3624 Nihil

134 3677 211 3734 enim
242 3676 455 3750 interareseere,
477 3678 547 3736 nihil
569 3677 710 3752 extingui,
741 3677 811 3735 nihil
833 3677 932 3734 eadere
952 3674 1037 3731 debet
1058 3689 1174 3746 cortun,

139 3834 439 3854 Μ-

203 3947 329 4010 dlseedit)
355 3949 483 3999 discendit
509 3950 564 3999 BP.
619 3962 684 4010 quae
710 3949 821 4012 habent)
847 3959 913 4009 quae
941 3959 991 3996 non
1024 3948 1116 3997 hahent
1145 3946 1175 3998 Ρ.

133 4029 178 4081 39.
197 4031 356 4096 caecaretur)
373 4039 489 4084 caecetur
506 4032 538 4082 0.
573 4033 600 4082 id
618 4033 672 4096 est)
690 4034 757 4083 idem
776 4033 806 4081 P.
842 4030 883 4080 lo.
902 4029 1044 4095 tripertito)
1063 4031 1175 4093 tripartlo

133 4112 188 4178 (il)
196 4114 225 4164 Ρ.
261 4116 416 4180 completur)
433 4115 611 4177 complectitur
626 4115 680 4170 nr.

929 4215 976 4264 tl·
