2610 4634
424 280 500 327 ura.
522 269 545 325 1.
590 281 670 326 ear.
694 265 827 326 10-11.
1125 265 1166 327 39

130 472 310 547 destitutique
332 470 484 529 uideamur.
522 467 573 530 ab.
595 471 678 540 Quod
699 471 724 528 si
744 470 913 546 expectando
935 476 963 527 et
983 469 1166 528 desiderando

130 583 286 658 pendemus
314 579 428 653 animis,
459 578 628 653 cruciamur,
661 579 806 651 angimur:
838 595 889 652 pro
917 577 946 634 di
978 577 1164 635 immortates!

131 706 215 763 quam
235 688 289 744 iter
309 687 380 744 illud
401 685 551 742 iucundum
573 702 635 742 esse
663 687 761 760 debet,
789 703 846 760 quo
874 685 1000 742 confecto
1022 686 1099 741 nulla
1120 703 1166 741 re·

131 797 208 870 liqua
230 811 306 868 eura,
330 795 408 850 nuita
428 792 585 850 sollicitudo
607 794 698 850 tutura
720 793 770 850 siti
794 794 884 864 Quam
899 810 944 849 me
962 792 1166 849 delectat'sbe·

131 910 276 974 ramenes,
300 918 382 974 quam
404 902 475 957 elato
497 900 589 956 animo
612 902 669 956 esti
704 900 763 957 Etsi
785 901 995 973 enuntiemus,
1018 916 1104 973 quum
1125 900 1166 956 le-

131 1011 236 1084 gimus,
258 1017 351 1065 tamen
370 1025 426 1064 non
448 1007 643 1063 miserabiliter
664 1007 708 1063 uir
729 1010 819 1064 clarus
842 1007 982 1065 cmoritur.
1015 1006 1072 1076 Qui
1081 1023 1168 1080 quum

131 1118 273 1176 coniectus
302 1116 330 1172 in
358 1132 497 1172 carcerem
525 1115 636 1186 triginta
663 1114 741 1172 iussu
767 1122 944 1188 tyrannorum
971 1131 1112 1171 uenenum
1138 1121 1169 1170 ut

132 1225 228 1283 sitiens
250 1223 428 1295 obduxisset,
460 1222 598 1295 reliquum
620 1221 660 1278 sio
681 1239 697 1278 e
719 1225 819 1295 poculo
842 1223 932 1296 eiecit,
954 1219 983 1279 irt
1004 1221 1033 1278 id
1054 1237 1168 1278 resona-

133 1339 189 1407 ret,
212 1350 272 1406 quo
291 1330 384 1388 sorritu
405 1331 513 1387 reddito
535 1330 670 1403 arridens,
694 1330 839 1403 Propino,
857 1329 953 1403 inquit,
976 1330 1030 1386 boc
1051 1329 1168 1401 putebro

133 1440 253 1514 Critiae,
282 1439 330 1512 qui
357 1438 385 1494 in
414 1454 477 1494 eum
500 1437 589 1494 fuerat
609 1437 791 1495 taeterrimus.
835 1437 933 1495 Graeci
954 1436 1078 1493 enimin
1100 1452 1168 1492 cou-

131 1547 216 1604 uiuiis
239 1549 331 1603 solent
352 1545 510 1618 nominare,
541 1545 584 1600 cui
606 1546 738 1618 poculum
767 1544 890 1600 tradituri
913 1543 976 1600 sint.
1025 1543 1105 1600 Lusit
1124 1543 1169 1599 uir

132 1654 263 1727 egregius
285 1659 409 1710 extremo
426 1642 534 1726 spiritu,
557 1668 642 1725 quum
660 1652 714 1708 iam
733 1652 900 1724 praecordiis
918 1659 1077 1723 conceptam
1093 1667 1169 1706 mor-

132 1769 189 1819 tem
211 1760 381 1832 contiueret,
410 1775 532 1831 uereque
554 1758 591 1831 ei,
614 1757 658 1815 cui
681 1775 818 1815 uenenum
841 1757 1029 1831 praebiberat,
1051 1763 1170 1814 mortem

132 1886 195 1927 eam
217 1876 259 1925 est
281 1872 439 1941 auguratus,
462 1882 532 1938 quae
554 1866 634 1923 breui
656 1874 801 1924 consecuta
828 1873 879 1923 est
932 1864 983 1925 97.
1005 1864 1076 1934 Quis
1099 1864 1171 1921 banc

134 1977 220 2035 animi
241 1974 353 2032 maximi
381 1972 546 2047 aequitatem
573 1972 602 2030 in
631 1973 692 2045 ipsa
718 1981 806 2030 morte
833 1974 970 2047 laudaret,
1000 1972 1024 2030 si
1051 1977 1170 2028 mortem

133 2086 238 2141 malum
260 2078 416 2139 iudicaret?
445 2079 526 2138 Uadit
547 2080 574 2136 in
597 2081 716 2136 eundem
738 2091 875 2137 carcerem
896 2086 978 2152 atque
999 2080 1029 2136 in
1050 2080 1171 2136 eundem

133 2191 231 2265 paucis
258 2196 321 2262 post
348 2188 427 2245 annis
455 2188 588 2260 scyphum
618 2190 745 2244 Socrates
773 2189 873 2245 eodem
900 2188 1004 2245 scelere
1036 2186 1169 2260 iudicum,

134 2316 192 2372 quo
214 2303 394 2371 tyrannomm
405 2295 602 2352 Theramenes.
643 2296 720 2364 Quae
743 2302 786 2352 est
806 2296 890 2368 igitur
912 2295 972 2351 eius
994 2294 1093 2367 oratio,
1116 2310 1170 2367 qua

134 2404 200 2463 iacit
220 2421 285 2460 eum
305 2404 384 2461 Plato
414 2420 495 2459 usum
516 2402 590 2474 apud
612 2402 718 2459 iudices
740 2403 794 2459 iam
816 2409 905 2459 morte
926 2399 1093 2459 multatum?

217 2511 293 2567 XLI.
327 2512 451 2583 „Magna
472 2528 527 2583 me,
557 2508 655 2584 inquit,
678 2527 743 2582 spes
765 2515 848 2582 tenet,
870 2509 985 2581 iudices,
1008 2509 1080 2566 bene
1101 2507 1170 2565 mihi

132 2602 257 2692 euenire,
279 2619 355 2692 quod
376 2618 468 2674 mittar
488 2619 523 2674 ad
545 2625 671 2675 mortem.
704 2617 826 2672 Necesse
844 2616 979 2693 estuenim
997 2615 1032 2672 sit
1053 2617 1170 2671 altorum

133 2723 169 2779 de
191 2720 319 2798 duobus,
349 2730 379 2781 ut
406 2730 453 2781 aut
475 2742 574 2782 sensus
595 2724 707 2782 omnino
730 2739 827 2779 omnes
849 2739 929 2778 mors
948 2722 1054 2779 auferat
1075 2728 1121 2778 aut
1141 2721 1171 2778 in

133 2831 218 2887 atium
241 2832 380 2904 quendam
401 2834 494 2889 locum
520 2850 555 2889 ex
577 2833 620 2889 bis
642 2832 710 2888 locis
732 2836 820 2886 morte
842 2829 983 2901 migretur.
1027 2830 1172 2898 Quamob-

133 2954 192 2994 rem
221 2938 282 2997 siue
311 2955 411 2996 sensus
438 2940 623 3015 extinguitur,
652 2955 784 3012 morsque
812 2938 838 2993 ei
868 2954 967 2994 somno
996 2937 1095 2994 similis
1118 2943 1170 3012 est,

134 3045 183 3119 qui
215 3063 414 3119 nonnunquam
454 3046 534 3103 etiam
563 3045 622 3103 sine
652 3047 721 3103 uisis
754 3045 925 3102 somniorum
957 3045 1171 3118 placatissimam

134 3151 256 3225 quietem
277 3153 370 3211 affert:
392 3155 421 3210 di
442 3154 520 3226 boni,
543 3153 610 3227 quid
632 3152 702 3218 lucri
725 3157 766 3208 est
792 3152 895 3207 emori!
920 3157 967 3209 aut
988 3169 1071 3224 quam
1092 3151 1172 3208 multi

135 3259 196 3316 dies
217 3259 334 3332 reperiri
354 3267 480 3336 possunt,
504 3261 551 3334 qui
574 3260 621 3316 tali
640 3258 713 3316 nocti
732 3265 948 3332 anteponantur,
972 3260 1015 3315 cui
1033 3259 1056 3315 si
1072 3257 1171 3315 similis

135 3367 229 3424 futura
255 3374 297 3424 cst
318 3368 485 3441 perpetuitas
514 3369 604 3424 omnis
633 3366 828 3439 consequentis
857 3365 1005 3438 temporis,
1036 3365 1098 3438 quis
1126 3380 1171 3420 me

134 3472 263 3533 beatior?
296 3472 348 3534 98.
370 3474 421 3531 Siu
442 3492 508 3532 uera
530 3480 608 3543 sunt,
637 3490 708 3546 quae
730 3474 873 3546 dicuntur,
895 3472 1088 3543 migrationem
1109 3489 1172 3530 esse

135 3590 253 3639 mortem
274 3583 303 3639 in
324 3599 371 3639 eas
393 3599 472 3656 oras,
501 3588 589 3656 quas,
612 3580 661 3654 qui
689 3598 705 3636 e
734 3579 789 3636 uita
810 3584 1003 3652 excesserunt,
1030 3578 1171 3653 incolunt,

134 3688 165 3747 id
185 3691 273 3747 multo
295 3689 350 3747 iam
371 3689 478 3745 beatius
501 3695 552 3746 est.
585 3689 672 3762 Tene,
696 3704 781 3761 quum
803 3687 837 3742 ab
859 3685 905 3760 iis,
928 3685 975 3758 qui
997 3702 1027 3742 se
1049 3685 1173 3743 iudicum

133 3819 440 3849 ——r-——-

202 3885 245 3938 96.
274 3885 320 3935 iter
349 3883 432 3950 iilud)
453 3886 516 3936 iilud
535 3885 581 3935 iter
600 3885 631 3935 0.
669 3898 719 3945 qno
737 3884 837 3944 sonitu)
857 3884 925 3945 quo'd
944 3897 964 3933 s.
982 3885 1015 3935 R.
1058 3885 1171 3935 enimin

134 3967 225 4029 eona.)
238 3971 307 4019 euim
322 3983 396 4020 nonu.
410 3971 442 4019 R.
477 3970 519 4019 eui
529 3983 656 4020 uenenum
667 3970 834 4031 praebiberat)
848 3973 891 4030 qui
907 3983 964 4019 uen.
983 3972 1132 4033 praebuerat
1140 3970 1171 4018 R.

135 4068 170 4104 aa
187 4055 244 4104 soit.
263 4053 331 4104 God.
347 4056 397 4120 sti,
413 4068 469 4104 noa
491 4069 535 4118 op.
559 4055 609 4107 Kr.
643 4054 687 4105 97.
710 4053 804 4119 Uadit)
832 4056 904 4104 uadit
929 4057 997 4106 enirn
1020 4056 1051 4106 n.
1088 4054 1172 4105 suist

135 4139 251 4205 siurbis)
267 4141 309 4191 eni
329 4140 424 4231 sinp'iis
442 4141 474 4190 R.
517 4140 560 4190 98.
579 4140 658 4204 Tene,
677 4140 770 4204 quani)
788 4144 822 4203 tr,
841 4153 920 4201 qnnrn
940 4139 970 4190 0.
1166 4125 1169 4130 ⁴
