2610 4634
371 291 375 296 ·
451 280 531 326 ern.
554 267 589 325 V.
622 281 707 328 cnr.
733 265 867 329 1o-2o
1035 221 1038 230 ¹
1112 267 1174 330 169

133 469 375 530 nobilissimorum
395 468 552 543 bominum,
573 486 693 544 quornm
709 469 798 527 uirtus
816 469 906 528 iuerat
918 471 994 529 domi
1004 470 1176 545 militiaeque

110 638 116 657 Α,
135 576 258 650 cognita,
279 575 446 648 mironi,
469 575 595 633 omniurn
605 576 835 650 eloquentissimi,
859 594 930 650 quos
952 594 1005 649 ego
1028 578 1174 652 audierim,

134 684 166 743 C.
189 681 336 753 Caesaris,
358 681 389 738 in
413 699 470 755 qno
493 683 561 738 mibi
584 683 694 739 uidetur
715 682 861 755 specimen.
878 683 965 740 inisse
986 683 1173 757 humanitatis,

133 790 216 863 salis,
240 787 399 862 suauitatis,
423 789 557 860 leporis..
581 789 719 845 Beatusne
741 789 840 863 igitur,
870 790 919 863 qui
940 791 992 848 bos
1013 789 1173 849 interfecit?

134 895 209 956 uiui
231 900 326 951 contra
347 911 404 951 non
426 896 517 951 coium
539 912 574 951 eo
597 895 706 951 uidetur
727 895 828 969 mirer,
851 897 928 968 quod
955 914 987 955 ca
1016 896 1097 971 iecit,
1124 898 1174 954 sed

133 1001 217 1061 edam
238 1001 316 1074 quod
336 1000 375 1057 ita
396 1017 426 1056 sc
448 1001 545 1076 gessit,
567 1008 598 1058 ut
616 1019 649 1058 ea
669 1001 761 1058 iacere
782 1001 809 1056 ei
831 1001 933 1068 liceret
975 1002 1037 1060 Etsi
1058 1006 1175 1075 peccare

131 1106 236 1166 nemini
258 1106 338 1179 licet3
360 1108 410 1164 sed
433 1107 569 1164 sermonis
591 1125 686 1164 errore
708 1107 844 1179 labimnr3
872 1107 903 1164 id
927 1108 1002 1164 enim
1023 1109 1108 1165 licere
1129 1109 1173 1165 di·

132 1215 241 1286 cimue5
271 1213 347 1286 quod
375 1212 476 1285 cuique
505 1214 677 1271 conceditur.
731 1210 781 1271 56.
811 1215 907 1271 Utrum
936 1216 1046 1272 tandem
1067 1215 1175 1272 beatior

133 1321 167 1380 G.
189 1319 296 1378 Marius
319 1326 387 1392 tum,
410 1335 499 1392 quum
509 1319 665 1384 Cimbricae
686 1319 819 1377 uictoriae
841 1320 959 1391 gloriam
981 1337 1045 1377 cum
1066 1323 1175 1394 collega

133 1425 479 1498 Catuloeommunicauit,
502 1440 590 1497 paene
611 1428 699 1484 altero
721 1426 816 1483 Laelio
840 1429 920 1496 (nam
941 1427 1015 1484 bunc
1037 1429 1080 1485 ilii
1101 1428 1174 1484 duco

133 1533 334 1605 simillimum),
357 1549 392 1588 au
414 1549 501 1604 quum
522 1532 603 1589 ciuili
620 1533 695 1588 bello
722 1534 812 1590 uictor
831 1532 916 1590 iratus
940 1533 1174 1590 neccssariicda-

131 1638 417 1713 ndideprecantibus
439 1655 496 1695 nou
518 1640 605 1695 semel
628 1640 786 1711 respondit,
817 1640 986 1711 sedsaepe:
1015 1636 1174 1698 Moriatur?

131 1748 167 1805 ln
189 1763 246 1820 quo
268 1744 376 1803 beatior
397 1743 462 1817 ilie,
492 1744 543 1817 qui
562 1745 628 1801 huic
656 1745 777 1801 nefariae
807 1745 870 1801 uoci
897 1745 1004 1821 paruit,
1034 1745 1172 1820 quomis,

133 1852 183 1927 qui
204 1859 259 1910 tam
281 1852 415 1909 scelerate
436 1849 591 1923 imperauit.
634 1852 705 1908 Nam
728 1868 815 1924 quom
835 1852 960 1924 accipere
981 1870 1065 1926 quam
1081 1853 1174 1910 tacere

132 1964 255 2033 praestat
274 1956 423 2031 iniuriam,
444 1962 506 2013 tum
524 1957 607 2014 morti
628 1957 685 2014 iam
705 1957 760 2031 ipsi
778 1958 939 2017 ,aduentanii
960 1961 1089 2032 paullum<
1104 1975 1174 2032 pro·

133 2066 232 2123 cedere
255 2064 384 2136 obuiam,
413 2064 490 2137 quod
511 2063 576 2120 iecit
597 2064 730 2137 Catulus,
758 2082 841 2137 quarn
863 2066 940 2139 quod
961 2066 1083 2139 Marius,
1111 2064 1174 2123 talis

132 2172 188 2230 uiri
209 2171 322 2228 interitu
344 2185 393 2227 sex
415 2187 483 2227 onos
505 2171 624 2227 obruere
647 2172 806 2229 consulatus
827 2178 857 2228 ct
878 2173 1064 2230 contaminare
1080 2175 1172 2240 extre,-

132 2295 210 2336 mum
232 2284 342 2350 tempus
366 2276 472 2334 aetatis.
1154 2328 1157 2334 .

217 2385 286 2442 XX.
307 2381 357 2442 5⁷.
378 2382 661 2456 Duodequadraginta
682 2400 769 2441 anrroe
790 2386 1174 2459 tyranrursmcusanonnn

107 2489 363 2572 ..iuitDionyoiuu‚
384 2506 470 2562 quum
491 2489 614 2562 quinque
635 2496 664 2546 et
686 2490 785 2562 uiginti
806 2498 885 2548 natus
904 2508 991 2549 annos
1004 2491 1175 2548 dominatum

98 2652 101 2655 ,
133 2597 336 2670 occupauiaset.
380 2597 441 2664 Qua
463 2596 667 2667 pulchritudine
688 2599 804 2670 urbem,
833 2597 935 2670 quibus
956 2602 1050 2655 autem
1072 2597 1174 2669 opibus

131 2703 285 2777 praeditam
306 2702 445 2759 seruitute.
461 2718 623 2774 oppressam
650 2703 740 2761 tenuit
758 2702 913 2761 ciuitatem!
942 2704 1027 2777 Atqui
1055 2703 1090 2759 de
1118 2703 1174 2759 boc

132 2810 249 2868 homine
269 2808 389 2867 abonis
412 2811 571 2866 auctoribus
593 2809 634 2865 sic
665 2809 797 2880 scriptum
829 2810 1005 2884 accepimns,
1037 2825 1173 2867 mammam

132 2916 221 2973 fuisse
243 2915 303 2973 eius
324 2916 354 2973 in
375 2915 451 2973 uictu
471 2915 690 2989 temperantiam,
712 2915 741 2972 in
762 2917 904 2990 rebusque
927 2916 1059 2988 gerundis
1079 2915 1173 2972 uirum

133 3030 228 3080 acrem
248 3027 276 3078 et
295 3021 479 3095 industrium,
509 3023 628 3080 eundem
657 3029 749 3082 tamen
776 3025 933 3080 maleficum
961 3031 1059 3081 natura
1080 3027 1108 3078 et
1128 3021 1172 3078 in·

132 3128 245 3186 iustum.
297 3129 342 3186 Ex
374 3147 430 3202 quo
451 3129 589 3186 omnibus
616 3131 688 3186 bene
716 3129 860 3187 ueritatem
890 3130 1059 3187 intuentibus
1081 3130 1173 3186 uideri

133 3251 250 3292 necesse
272 3240 314 3292 est
334 3234 536 3307 miserrimnm3
569 3253 603 3292 ea
624 3237 699 3292 enirn
720 3237 797 3310 ipsa,
822 3254 895 3310 quae
916 3237 1108 3308 concupierat,
1136 3237 1173 3292 n'e

131 3346 191 3398 nrm
213 3341 341 3416 quidem,
371 3359 458 3414 quum
479 3341 573 3398 omnia
600 3357 631 3398 ee
659 3344 911 3415 poseeycemebat,
940 3340 1172 3413 consequebatur.

132 3443 183 3506 58.
218 3447 273 3516 Qui
306 3464 392 3522 quum
428 3454 502 3505 esset
534 3446 616 3503 bonis
648 3448 808 3519 parentibus
841 3453 923 3519 atque
955 3447 1072 3503 honesto
1106 3447 1168 3501 ioco

132 3561 213 3610 natus
242 3554 317 3621 (etsi
339 3555 368 3611 id
396 3554 509 3626 quidem
530 3553 601 3610 alius
624 3553 679 3610 alio
701 3554 784 3610 modo
807 3543 935 3628 tradidit)
963 3552 1172 3624 abundaretque

129 3736 413 3750 n—-n-——n—

200 3849 243 3917 C.)
271 3851 302 3903 G.
328 3855 361 3907 li.
388 3855 434 3905 Cn.
461 3857 490 3906 Ρ.
534 3858 578 3918 qui
597 3856 663 3921 hos)
690 3869 756 3918 quos
776 3856 831 3907 ΒΡ.
866 3855 989 3920 peccare)
1006 3859 1121 3918 peccaret
1137 3856 1170 3906 n.

111 3971 113 3976 «
131 3933 173 3986 56.
194 3936 262 3985 bunc
279 3937 328 3995 iiii)
346 3939 406 3989 bnic
422 3940 460 3990 iiii
478 3941 532 3990 BP.
567 3941 609 3989 57.
628 3939 699 4004 Qua)
716 3942 779 4003 quin
797 3942 825 3991 P.
860 3939 997 4003 rebusque)
1016 3941 1092 3990 rebus
1101 3940 1170 3990 Non.

129 4017 234 4080 pm
252 4019 389 4087 gerundis)
406 4023 450 4073 Sic
465 4023 533 4074 Non.
552 4024 595 4074 tt.
614 4024 782 4086 gerendum
817 4029 843 4075 et
860 4025 1023 4088 industrium)
1042 4025 1086 4075 Sto
1097 4024 1170 4077 ‚Non

133 4115 184 4151 om.
202 4103 234 4153 R.
