<?xml version="1.0" encoding="UTF-8"?>
<!DOCTYPE html PUBLIC "-//W3C//DTD XHTML 1.0 Transitional//EN"
    "http://www.w3.org/TR/xhtml1/DTD/xhtml1-transitional.dtd">
<html xmlns="http://www.w3.org/1999/xhtml" xml:lang="en" lang="en">
 <head>
  <title>
</title>
<meta http-equiv="Content-Type" content="text/html;charset=utf-8" />
  <meta name='ocr-system' content='tesseract 3.04.00' />
  <meta name='ocr-capabilities' content='ocr_page ocr_carea ocr_par ocr_line ocrx_word'/>
</head>
<body>
  <div class='ocr_page' id='page_1' title='image "./tusculanarumdis00treggoog_0098.png"; bbox 0 0 2610 4634; ppageno 0'>
   <div class='ocr_carea' id='block_1_1' title="bbox 352 267 1192 345">
    <p class='ocr_par' dir='ltr' id='par_1_1' title="bbox 352 267 1192 345">
     <span class='ocr_line' id='line_1_1' title="bbox 352 267 1192 345; baseline 0.008 -6"><span class='ocrx_word' id='word_1_1' title='bbox 352 295 427 339; x_wconf 76' lang='lat' dir='ltr'><strong>cru.</strong></span> <span class='ocrx_word' id='word_1_2' title='bbox 451 283 486 338; x_wconf 91' lang='lat' dir='ltr'><strong>ll.</strong></span> <span class='ocrx_word' id='word_1_3' title='bbox 532 296 613 340; x_wconf 78' lang='lat' dir='ltr'><strong>cae.</strong></span> <span class='ocrx_word' id='word_1_4' title='bbox 639 281 771 342; x_wconf 74' lang='lat'><strong>18-19.</strong></span> <span class='ocrx_word' id='word_1_5' title='bbox 863 302 866 307; x_wconf 93' lang='lat'>·</span> <span class='ocrx_word' id='word_1_6' title='bbox 1061 288 1101 345; x_wconf 77' lang='lat' dir='ltr'><strong>ot</strong></span> <span class='ocrx_word' id='word_1_7' title='bbox 1190 267 1192 271; x_wconf 35' lang='lat'>¹</span> 
     </span>
    </p>
   </div>
   <div class='ocr_carea' id='block_1_2' title="bbox 62 483 1134 877">
    <p class='ocr_par' dir='ltr' id='par_1_2' title="bbox 62 483 1134 877">
     <span class='ocr_line' id='line_1_2' title="bbox 62 483 1102 556; baseline 0 -12"><span class='ocrx_word' id='word_1_8' title='bbox 62 489 101 545; x_wconf 85' lang='lat' dir='ltr'><strong>ita</strong></span> <span class='ocrx_word' id='word_1_9' title='bbox 123 502 170 541; x_wconf 90' lang='lat' dir='ltr'><strong>me</strong></span> <span class='ocrx_word' id='word_1_10' title='bbox 192 485 227 540; x_wconf 86' lang='lat' dir='ltr'><strong>ad</strong></span> <span class='ocrx_word' id='word_1_11' title='bbox 249 484 417 540; x_wconf 89' lang='lat' dir='ltr'><strong>credendum</strong></span> <span class='ocrx_word' id='word_1_12' title='bbox 439 488 484 539; x_wconf 90' lang='lat' dir='ltr'><strong>tua</strong></span> <span class='ocrx_word' id='word_1_13' title='bbox 503 483 578 540; x_wconf 87' lang='lat' dir='ltr'><strong>ducit</strong></span> <span class='ocrx_word' id='word_1_14' title='bbox 600 484 697 540; x_wconf 87' lang='lat' dir='ltr'><strong>oratio.</strong></span> <span class='ocrx_word' id='word_1_15' title='bbox 741 486 779 542; x_wconf 85' lang='lat' dir='ltr'><strong>M.</strong></span> <span class='ocrx_word' id='word_1_16' title='bbox 806 485 882 541; x_wconf 89' lang='lat' dir='ltr'><strong>Sitne</strong></span> <span class='ocrx_word' id='word_1_17' title='bbox 893 486 977 556; x_wconf 80' lang='lat' dir='ltr'><strong>igitur</strong></span> <span class='ocrx_word' id='word_1_18' title='bbox 998 489 1102 544; x_wconf 89' lang='lat' dir='ltr'><strong>malum</strong></span> 
     </span>
     <span class='ocr_line' id='line_1_3' title="bbox 64 585 1134 664; baseline -0.001 -14"><span class='ocrx_word' id='word_1_19' title='bbox 64 594 148 650; x_wconf 92' lang='lat' dir='ltr'><strong>dolor</strong></span> <span class='ocrx_word' id='word_1_20' title='bbox 161 607 265 664; x_wconf 84' lang='lat' dir='ltr'><strong>necne,</strong></span> <span class='ocrx_word' id='word_1_21' title='bbox 290 588 374 645; x_wconf 83' lang='lat' dir='ltr'>Stoici</span> <span class='ocrx_word' id='word_1_22' title='bbox 396 589 533 662; x_wconf 90' lang='lat' dir='ltr'><strong>uiderint,</strong></span> <span class='ocrx_word' id='word_1_23' title='bbox 557 590 604 662; x_wconf 92' lang='lat' dir='ltr'><strong>qui</strong></span> <span class='ocrx_word' id='word_1_24' title='bbox 627 593 789 647; x_wconf 88' lang='lat' dir='ltr'><strong>contortulis</strong></span> <span class='ocrx_word' id='word_1_25' title='bbox 811 593 977 664; x_wconf 86' lang='lat' dir='ltr'><strong>quibusdam</strong></span> <span class='ocrx_word' id='word_1_26' title='bbox 999 600 1027 648; x_wconf 90' lang='lat' dir='ltr'><strong>et</strong></span> <span class='ocrx_word' id='word_1_27' title='bbox 1048 594 1102 649; x_wconf 92' lang='lat' dir='ltr'><strong>mi·</strong></span> <span class='ocrx_word' id='word_1_28' title='bbox 1124 585 1134 650; x_wconf 78' lang='grc'><strong>’.</strong></span> 
     </span>
     <span class='ocr_line' id='line_1_4' title="bbox 63 695 1101 777; baseline 0 -21"><span class='ocrx_word' id='word_1_29' title='bbox 63 699 139 756; x_wconf 91' lang='lat' dir='ltr'><strong>nutis</strong></span> <span class='ocrx_word' id='word_1_30' title='bbox 162 695 394 754; x_wconf 86' lang='lat' dir='ltr'><strong>conclusiunculis</strong></span> <span class='ocrx_word' id='word_1_31' title='bbox 415 711 468 750; x_wconf 89' lang='lat' dir='ltr'><strong>nec</strong></span> <span class='ocrx_word' id='word_1_32' title='bbox 489 697 523 751; x_wconf 91' lang='lat' dir='ltr'><strong>ad</strong></span> <span class='ocrx_word' id='word_1_33' title='bbox 545 712 643 752; x_wconf 91' lang='lat' dir='ltr'><strong>sensus</strong></span> <span class='ocrx_word' id='word_1_34' title='bbox 661 699 884 768; x_wconf 80' lang='lat' dir='ltr'>permanantibus</span> <span class='ocrx_word' id='word_1_35' title='bbox 907 698 980 754; x_wconf 88' lang='lat' dir='ltr'><strong>elbci</strong></span> <span class='ocrx_word' id='word_1_36' title='bbox 1003 702 1101 777; x_wconf 83' lang='lat' dir='ltr'><strong>uolunt</strong></span> 
     </span>
     <span class='ocr_line' id='line_1_5' title="bbox 63 802 1102 877; baseline 0 -15"><span class='ocrx_word' id='word_1_37' title='bbox 63 822 121 863; x_wconf 90' lang='lat' dir='ltr'><strong>nou</strong></span> <span class='ocrx_word' id='word_1_38' title='bbox 150 821 215 861; x_wconf 90' lang='lat' dir='ltr'><strong>esse</strong></span> <span class='ocrx_word' id='word_1_39' title='bbox 241 803 344 859; x_wconf 91' lang='lat' dir='ltr'><strong>malum</strong></span> <span class='ocrx_word' id='word_1_40' title='bbox 373 802 509 858; x_wconf 90' lang='lat' dir='ltr'><strong>dolorem.</strong></span> <span class='ocrx_word' id='word_1_41' title='bbox 551 803 614 873; x_wconf 82' lang='lat' dir='ltr'><strong>Ego</strong></span> <span class='ocrx_word' id='word_1_42' title='bbox 643 803 730 873; x_wconf 91' lang='lat' dir='ltr'><strong>illud,</strong></span> <span class='ocrx_word' id='word_1_43' title='bbox 759 803 891 876; x_wconf 78' lang='lat' dir='ltr'><strong>quiequid</strong></span> <span class='ocrx_word' id='word_1_44' title='bbox 919 805 969 877; x_wconf 92' lang='lat' dir='ltr'><strong>sit,</strong></span> <span class='ocrx_word' id='word_1_45' title='bbox 998 812 1102 863; x_wconf 91' lang='lat' dir='ltr'><strong>tantum</strong></span> 
     </span>
    </p>
   </div>
   <div class='ocr_carea' id='block_1_3' title="bbox 62 906 1211 984">
    <p class='ocr_par' dir='ltr' id='par_1_3' title="bbox 62 906 1211 984">
     <span class='ocr_line' id='line_1_6' title="bbox 62 906 1211 984; baseline -0.001 -15"><span class='ocrx_word' id='word_1_46' title='bbox 62 914 144 983; x_wconf 84' lang='lat' dir='ltr'><strong>esse,</strong></span> <span class='ocrx_word' id='word_1_47' title='bbox 174 915 306 984; x_wconf 87' lang='lat' dir='ltr'><strong>quantum</strong></span> <span class='ocrx_word' id='word_1_48' title='bbox 334 908 475 981; x_wconf 87' lang='lat' dir='ltr'><strong>uideatur,</strong></span> <span class='ocrx_word' id='word_1_49' title='bbox 503 926 559 964; x_wconf 92' lang='lat' dir='ltr'><strong>non</strong></span> <span class='ocrx_word' id='word_1_50' title='bbox 586 915 669 981; x_wconf 90' lang='lat' dir='ltr'><strong>puto,</strong></span> <span class='ocrx_word' id='word_1_51' title='bbox 702 909 825 982; x_wconf 83' lang='lat' dir='ltr'><strong>salsaque</strong></span> <span class='ocrx_word' id='word_1_52' title='bbox 851 910 910 965; x_wconf 90' lang='lat' dir='ltr'><strong>eius</strong></span> <span class='ocrx_word' id='word_1_53' title='bbox 940 912 1047 968; x_wconf 92' lang='lat' dir='ltr'><strong>uisione</strong></span> <span class='ocrx_word' id='word_1_54' title='bbox 1075 920 1102 968; x_wconf 87' lang='lat' dir='ltr'><strong>et</strong></span> <span class='ocrx_word' id='word_1_55' title='bbox 1208 906 1211 911; x_wconf 74' lang='grc'>’</span> 
     </span>
    </p>
   </div>
   <div class='ocr_carea' id='block_1_4' title="bbox 60 1013 1147 3748">
    <p class='ocr_par' dir='ltr' id='par_1_4' title="bbox 61 1013 1147 2897">
     <span class='ocr_line' id='line_1_7' title="bbox 63 1013 1101 1090; baseline -0.003 -15"><span class='ocrx_word' id='word_1_56' title='bbox 63 1017 159 1090; x_wconf 88' lang='lat' dir='ltr'><strong>specie</strong></span> <span class='ocrx_word' id='word_1_57' title='bbox 186 1013 294 1071; x_wconf 89' lang='lat' dir='ltr'><strong>moueri</strong></span> <span class='ocrx_word' id='word_1_58' title='bbox 321 1014 447 1071; x_wconf 89' lang='lat' dir='ltr'><strong>homines</strong></span> <span class='ocrx_word' id='word_1_59' title='bbox 470 1015 531 1070; x_wconf 91' lang='lat' dir='ltr'><strong>dico</strong></span> <span class='ocrx_word' id='word_1_60' title='bbox 560 1015 750 1072; x_wconf 87' lang='lat' dir='ltr'><strong>uehementius</strong></span> <span class='ocrx_word' id='word_1_61' title='bbox 779 1018 960 1089; x_wconf 90' lang='lat' dir='ltr'><strong>doloremque</strong></span> <span class='ocrx_word' id='word_1_62' title='bbox 991 1035 1101 1074; x_wconf 90' lang='lat' dir='ltr'><strong>omnem</strong></span> 
     </span>
     <span class='ocr_line' id='line_1_8' title="bbox 62 1120 1100 1192; baseline -0.001 -11"><span class='ocrx_word' id='word_1_63' title='bbox 62 1141 126 1181; x_wconf 88' lang='lat' dir='ltr'><strong>esse</strong></span> <span class='ocrx_word' id='word_1_64' title='bbox 148 1120 332 1179; x_wconf 80' lang='lat' dir='ltr'><strong>tolerabilem.</strong></span> <span class='ocrx_word' id='word_1_65' title='bbox 372 1122 451 1178; x_wconf 89' lang='lat' dir='ltr'><strong>Unde</strong></span> <span class='ocrx_word' id='word_1_66' title='bbox 473 1120 556 1191; x_wconf 84' lang='lat' dir='ltr'><strong>igitur</strong></span> <span class='ocrx_word' id='word_1_67' title='bbox 578 1122 679 1192; x_wconf 92' lang='lat' dir='ltr'><strong>ordiar,</strong></span> <span class='ocrx_word' id='word_1_68' title='bbox 702 1140 736 1178; x_wconf 94' lang='lat' dir='ltr'><strong>an</strong></span> <span class='ocrx_word' id='word_1_69' title='bbox 759 1124 855 1178; x_wconf 85' lang='lat' dir='ltr'><strong>eadem</strong></span> <span class='ocrx_word' id='word_1_70' title='bbox 877 1125 998 1180; x_wconf 89' lang='lat' dir='ltr'><strong>breuiter</strong></span> <span class='ocrx_word' id='word_1_71' title='bbox 1020 1127 1100 1180; x_wconf 88' lang='lat' dir='ltr'><strong>attin·</strong></span> 
     </span>
     <span class='ocr_line' id='line_1_9' title="bbox 62 1215 1099 1307; baseline 0 -21"><span class='ocrx_word' id='word_1_72' title='bbox 62 1247 138 1303; x_wconf 78' lang='lat' dir='ltr'><strong>gam,</strong></span> <span class='ocrx_word' id='word_1_73' title='bbox 162 1245 233 1302; x_wconf 89' lang='lat' dir='ltr'><strong>quae</strong></span> <span class='ocrx_word' id='word_1_74' title='bbox 254 1228 339 1284; x_wconf 92' lang='lat' dir='ltr'><strong>modo</strong></span> <span class='ocrx_word' id='word_1_75' title='bbox 362 1227 429 1307; x_wconf 82' lang='lat' dir='ltr'><strong>dixi,</strong></span> <span class='ocrx_word' id='word_1_76' title='bbox 452 1244 508 1299; x_wconf 92' lang='lat' dir='ltr'><strong>quo</strong></span> <span class='ocrx_word' id='word_1_77' title='bbox 530 1215 638 1283; x_wconf 77' lang='lat' dir='ltr'>facilius</span> <span class='ocrx_word' id='word_1_78' title='bbox 661 1229 748 1285; x_wconf 92' lang='lat' dir='ltr'><strong>oratio</strong></span> <span class='ocrx_word' id='word_1_79' title='bbox 772 1230 903 1301; x_wconf 82' lang='lat' dir='ltr'><strong>progredi</strong></span> <span class='ocrx_word' id='word_1_80' title='bbox 927 1230 1015 1301; x_wconf 86' lang='lat' dir='ltr'><strong>possit</strong></span> <span class='ocrx_word' id='word_1_81' title='bbox 1037 1232 1099 1286; x_wconf 94' lang='lat' dir='ltr'><strong>lon·</strong></span> 
     </span>
     <span class='ocr_line' id='line_1_10' title="bbox 63 1332 1099 1408; baseline 0 -15"><span class='ocrx_word' id='word_1_82' title='bbox 63 1333 151 1408; x_wconf 78' lang='lat' dir='ltr'><strong>gius?</strong></span> <span class='ocrx_word' id='word_1_83' title='bbox 184 1332 235 1392; x_wconf 85' lang='lat'><strong>43.</strong></span> <span class='ocrx_word' id='word_1_84' title='bbox 257 1335 333 1390; x_wconf 91' lang='lat' dir='ltr'><strong>Inter</strong></span> <span class='ocrx_word' id='word_1_85' title='bbox 355 1349 452 1390; x_wconf 90' lang='lat' dir='ltr'><strong>omnes</strong></span> <span class='ocrx_word' id='word_1_86' title='bbox 474 1333 558 1404; x_wconf 79' lang='lat' dir='ltr'><strong>igitur</strong></span> <span class='ocrx_word' id='word_1_87' title='bbox 579 1334 632 1389; x_wconf 88' lang='lat' dir='ltr'><strong>boc</strong></span> <span class='ocrx_word' id='word_1_88' title='bbox 655 1343 759 1392; x_wconf 88' lang='lat' dir='ltr'><strong>constat</strong></span> <span class='ocrx_word' id='word_1_89' title='bbox 781 1354 832 1392; x_wconf 90' lang='lat' dir='ltr'><strong>nec</strong></span> <span class='ocrx_word' id='word_1_90' title='bbox 854 1336 949 1392; x_wconf 84' lang='lat' dir='ltr'><strong>doctos</strong></span> <span class='ocrx_word' id='word_1_91' title='bbox 972 1337 1099 1393; x_wconf 90' lang='lat' dir='ltr'><strong>homiues</strong></span> 
     </span>
     <span class='ocr_line' id='line_1_11' title="bbox 63 1439 1099 1516; baseline -0.003 -15"><span class='ocrx_word' id='word_1_92' title='bbox 63 1445 173 1516; x_wconf 90' lang='lat' dir='ltr'><strong>solum,</strong></span> <span class='ocrx_word' id='word_1_93' title='bbox 196 1442 246 1499; x_wconf 87' lang='lat' dir='ltr'><strong>sed</strong></span> <span class='ocrx_word' id='word_1_94' title='bbox 268 1441 350 1496; x_wconf 91' lang='lat' dir='ltr'><strong>etiam</strong></span> <span class='ocrx_word' id='word_1_95' title='bbox 371 1439 519 1512; x_wconf 89' lang='lat' dir='ltr'><strong>indoctos,</strong></span> <span class='ocrx_word' id='word_1_96' title='bbox 543 1440 667 1496; x_wconf 91' lang='lat' dir='ltr'><strong>uirorum</strong></span> <span class='ocrx_word' id='word_1_97' title='bbox 688 1457 751 1497; x_wconf 91' lang='lat' dir='ltr'><strong>esse</strong></span> <span class='ocrx_word' id='word_1_98' title='bbox 774 1443 886 1498; x_wconf 85' lang='lat' dir='ltr'><strong>tortium</strong></span> <span class='ocrx_word' id='word_1_99' title='bbox 908 1449 935 1498; x_wconf 90' lang='lat' dir='ltr'><strong>et</strong></span> <span class='ocrx_word' id='word_1_100' title='bbox 956 1443 1099 1513; x_wconf 81' lang='lat' dir='ltr'><strong>magnani-</strong></span> 
     </span>
     <span class='ocr_line' id='line_1_12' title="bbox 62 1546 1099 1620; baseline -0.003 -13"><span class='ocrx_word' id='word_1_101' title='bbox 62 1566 176 1608; x_wconf 89' lang='lat' dir='ltr'><strong>morum</strong></span> <span class='ocrx_word' id='word_1_102' title='bbox 197 1555 226 1606; x_wconf 90' lang='lat' dir='ltr'><strong>et</strong></span> <span class='ocrx_word' id='word_1_103' title='bbox 244 1546 405 1620; x_wconf 86' lang='lat' dir='ltr'><strong>patientium</strong></span> <span class='ocrx_word' id='word_1_104' title='bbox 427 1555 455 1604; x_wconf 91' lang='lat' dir='ltr'><strong>et</strong></span> <span class='ocrx_word' id='word_1_105' title='bbox 475 1547 595 1603; x_wconf 89' lang='lat' dir='ltr'><strong>bumana</strong></span> <span class='ocrx_word' id='word_1_106' title='bbox 612 1547 779 1603; x_wconf 90' lang='lat' dir='ltr'><strong>uincentium</strong></span> <span class='ocrx_word' id='word_1_107' title='bbox 802 1550 951 1604; x_wconf 78' lang='lat' dir='ltr'><strong>toleranter</strong></span> <span class='ocrx_word' id='word_1_108' title='bbox 973 1550 1099 1605; x_wconf 89' lang='lat' dir='ltr'><strong>dolorem</strong></span> 
     </span>
     <span class='ocr_line' id='line_1_13' title="bbox 62 1653 1100 1730; baseline -0.004 -17"><span class='ocrx_word' id='word_1_109' title='bbox 62 1657 130 1730; x_wconf 88' lang='lat' dir='ltr'><strong>pati,</strong></span> <span class='ocrx_word' id='word_1_110' title='bbox 155 1672 206 1712; x_wconf 86' lang='lat' dir='ltr'><strong>nee</strong></span> <span class='ocrx_word' id='word_1_111' title='bbox 226 1671 294 1711; x_wconf 88' lang='lat' dir='ltr'><strong>uero</strong></span> <span class='ocrx_word' id='word_1_112' title='bbox 318 1654 465 1727; x_wconf 91' lang='lat' dir='ltr'><strong>quisquam</strong></span> <span class='ocrx_word' id='word_1_113' title='bbox 487 1653 553 1725; x_wconf 91' lang='lat' dir='ltr'><strong>luit,</strong></span> <span class='ocrx_word' id='word_1_114' title='bbox 577 1653 624 1726; x_wconf 93' lang='lat' dir='ltr'><strong>qui</strong></span> <span class='ocrx_word' id='word_1_115' title='bbox 647 1670 721 1724; x_wconf 89' lang='lat' dir='ltr'><strong>eum,</strong></span> <span class='ocrx_word' id='word_1_116' title='bbox 743 1655 791 1727; x_wconf 91' lang='lat' dir='ltr'><strong>qui</strong></span> <span class='ocrx_word' id='word_1_117' title='bbox 813 1662 849 1710; x_wconf 85' lang='lat' dir='ltr'><strong>ita</strong></span> <span class='ocrx_word' id='word_1_118' title='bbox 871 1661 1021 1727; x_wconf 88' lang='lat' dir='ltr'><strong>pateretur,</strong></span> <span class='ocrx_word' id='word_1_119' title='bbox 1043 1672 1100 1711; x_wconf 94' lang='lat' dir='ltr'><strong>non</strong></span> 
     </span>
     <span class='ocr_line' id='line_1_14' title="bbox 62 1759 1099 1833; baseline -0.004 -13"><span class='ocrx_word' id='word_1_120' title='bbox 62 1764 232 1820; x_wconf 87' lang='lat' dir='ltr'><strong>laudandum</strong></span> <span class='ocrx_word' id='word_1_121' title='bbox 253 1767 369 1833; x_wconf 79' lang='lat' dir='ltr'><strong>patareo</strong></span> <span class='ocrx_word' id='word_1_122' title='bbox 402 1759 484 1827; x_wconf 87' lang='lat' dir='ltr'><strong>Quod</strong></span> <span class='ocrx_word' id='word_1_123' title='bbox 506 1776 574 1830; x_wconf 79' lang='lat' dir='ltr'><strong>ergo</strong></span> <span class='ocrx_word' id='word_1_124' title='bbox 597 1763 788 1832; x_wconf 88' lang='lat' dir='ltr'><strong>etpostulatur</strong></span> <span class='ocrx_word' id='word_1_125' title='bbox 810 1778 824 1817; x_wconf 96' lang='lat' dir='ltr'><strong>a</strong></span> <span class='ocrx_word' id='word_1_126' title='bbox 848 1761 966 1817; x_wconf 84' lang='lat' dir='ltr'><strong>fortibus</strong></span> <span class='ocrx_word' id='word_1_127' title='bbox 989 1768 1015 1817; x_wconf 89' lang='lat' dir='ltr'><strong>et</strong></span> <span class='ocrx_word' id='word_1_128' title='bbox 1039 1763 1099 1817; x_wconf 90' lang='lat' dir='ltr'><strong>lau·</strong></span> 
     </span>
     <span class='ocr_line' id='line_1_15' title="bbox 62 1865 1100 1941; baseline -0.003 -14"><span class='ocrx_word' id='word_1_129' title='bbox 62 1872 154 1941; x_wconf 87' lang='lat' dir='ltr'><strong>datur,</strong></span> <span class='ocrx_word' id='word_1_130' title='bbox 168 1885 253 1941; x_wconf 90' lang='lat' dir='ltr'><strong>quum</strong></span> <span class='ocrx_word' id='word_1_131' title='bbox 271 1868 309 1939; x_wconf 87' lang='lat' dir='ltr'><strong>lrt,</strong></span> <span class='ocrx_word' id='word_1_132' title='bbox 328 1867 356 1921; x_wconf 92' lang='lat' dir='ltr'><strong>id</strong></span> <span class='ocrx_word' id='word_1_133' title='bbox 378 1872 425 1921; x_wconf 89' lang='lat' dir='ltr'><strong>aut</strong></span> <span class='ocrx_word' id='word_1_134' title='bbox 441 1865 619 1922; x_wconf 85' lang='lat' dir='ltr'><strong>extimescere</strong></span> <span class='ocrx_word' id='word_1_135' title='bbox 643 1867 756 1923; x_wconf 86' lang='lat' dir='ltr'><strong>ueniens</strong></span> <span class='ocrx_word' id='word_1_136' title='bbox 779 1874 825 1923; x_wconf 89' lang='lat' dir='ltr'><strong>aut</strong></span> <span class='ocrx_word' id='word_1_137' title='bbox 847 1884 901 1922; x_wconf 92' lang='lat' dir='ltr'><strong>non</strong></span> <span class='ocrx_word' id='word_1_138' title='bbox 924 1868 996 1924; x_wconf 87' lang='lat' dir='ltr'><strong>serre</strong></span> <span class='ocrx_word' id='word_1_139' title='bbox 1019 1884 1100 1939; x_wconf 90' lang='lat' dir='ltr'><strong>prae·</strong></span> 
     </span>
     <span class='ocr_line' id='line_1_16' title="bbox 63 1969 1100 2046; baseline -0.003 -13"><span class='ocrx_word' id='word_1_140' title='bbox 63 1993 128 2033; x_wconf 89' lang='lat' dir='ltr'><strong>sens</strong></span> <span class='ocrx_word' id='word_1_141' title='bbox 157 1985 250 2031; x_wconf 85' lang='lat' dir='ltr'><strong>nonne</strong></span> <span class='ocrx_word' id='word_1_142' title='bbox 277 1979 357 2045; x_wconf 88' lang='lat' dir='ltr'><strong>turpe</strong></span> <span class='ocrx_word' id='word_1_143' title='bbox 385 1969 450 2028; x_wconf 81' lang='lat' dir='ltr'><strong>est?</strong></span> <span class='ocrx_word' id='word_1_144' title='bbox 482 1973 566 2044; x_wconf 85' lang='lat' dir='ltr'><strong>Atqui</strong></span> <span class='ocrx_word' id='word_1_145' title='bbox 595 1972 669 2044; x_wconf 89' lang='lat' dir='ltr'><strong>uide,</strong></span> <span class='ocrx_word' id='word_1_146' title='bbox 693 1990 744 2046; x_wconf 91' lang='lat' dir='ltr'><strong>ne,</strong></span> <span class='ocrx_word' id='word_1_147' title='bbox 773 1991 859 2046; x_wconf 90' lang='lat' dir='ltr'><strong>quum</strong></span> <span class='ocrx_word' id='word_1_148' title='bbox 888 1991 984 2031; x_wconf 89' lang='lat' dir='ltr'><strong>omnes</strong></span> <span class='ocrx_word' id='word_1_149' title='bbox 1011 1981 1100 2030; x_wconf 85' lang='lat' dir='ltr'><strong>rectae</strong></span> 
     </span>
     <span class='ocr_line' id='line_1_17' title="bbox 62 2079 1098 2152; baseline -0.004 -13"><span class='ocrx_word' id='word_1_150' title='bbox 62 2081 148 2140; x_wconf 89' lang='lat' dir='ltr'><strong>animi</strong></span> <span class='ocrx_word' id='word_1_151' title='bbox 176 2079 333 2136; x_wconf 83' lang='lat' dir='ltr'><strong>affectiones</strong></span> <span class='ocrx_word' id='word_1_152' title='bbox 361 2079 476 2135; x_wconf 90' lang='lat' dir='ltr'><strong>uirtutes</strong></span> <span class='ocrx_word' id='word_1_153' title='bbox 505 2080 695 2151; x_wconf 79' lang='lat' dir='ltr'><strong>appellentur,</strong></span> <span class='ocrx_word' id='word_1_154' title='bbox 728 2096 784 2135; x_wconf 90' lang='lat' dir='ltr'><strong>non</strong></span> <span class='ocrx_word' id='word_1_155' title='bbox 812 2080 848 2135; x_wconf 91' lang='lat' dir='ltr'><strong>sit</strong></span> <span class='ocrx_word' id='word_1_156' title='bbox 875 2080 928 2136; x_wconf 91' lang='lat' dir='ltr'><strong>boc</strong></span> <span class='ocrx_word' id='word_1_157' title='bbox 956 2081 1098 2152; x_wconf 89' lang='lat' dir='ltr'><strong>proprium</strong></span> 
     </span>
     <span class='ocr_line' id='line_1_18' title="bbox 61 2185 1098 2258; baseline -0.006 -12"><span class='ocrx_word' id='word_1_158' title='bbox 61 2206 165 2246; x_wconf 89' lang='lat' dir='ltr'><strong>nomen</strong></span> <span class='ocrx_word' id='word_1_159' title='bbox 188 2188 322 2258; x_wconf 90' lang='lat' dir='ltr'><strong>omnium,</strong></span> <span class='ocrx_word' id='word_1_160' title='bbox 345 2186 394 2244; x_wconf 91' lang='lat' dir='ltr'><strong>sed</strong></span> <span class='ocrx_word' id='word_1_161' title='bbox 416 2185 451 2240; x_wconf 92' lang='lat' dir='ltr'><strong>ab</strong></span> <span class='ocrx_word' id='word_1_162' title='bbox 474 2201 522 2257; x_wconf 90' lang='lat' dir='ltr'><strong>ea,</strong></span> <span class='ocrx_word' id='word_1_163' title='bbox 546 2203 616 2258; x_wconf 92' lang='lat' dir='ltr'><strong>quae</strong></span> <span class='ocrx_word' id='word_1_164' title='bbox 638 2203 691 2240; x_wconf 90' lang='lat' dir='ltr'><strong>nna</strong></span> <span class='ocrx_word' id='word_1_165' title='bbox 714 2186 813 2241; x_wconf 89' lang='lat' dir='ltr'><strong>ceteris</strong></span> <span class='ocrx_word' id='word_1_166' title='bbox 835 2187 978 2257; x_wconf 87' lang='lat' dir='ltr'><strong>excolleat,</strong></span> <span class='ocrx_word' id='word_1_167' title='bbox 1003 2203 1098 2241; x_wconf 92' lang='lat' dir='ltr'><strong>omnes</strong></span> 
     </span>
     <span class='ocr_line' id='line_1_19' title="bbox 61 2290 1098 2365; baseline -0.007 -12"><span class='ocrx_word' id='word_1_168' title='bbox 61 2296 220 2353; x_wconf 86' lang='lat' dir='ltr'><strong>nominatae</strong></span> <span class='ocrx_word' id='word_1_169' title='bbox 241 2294 304 2349; x_wconf 83' lang='lat' dir='ltr'><strong>sint.</strong></span> <span class='ocrx_word' id='word_1_170' title='bbox 336 2293 482 2365; x_wconf 78' lang='lat' dir='ltr'><strong>Appellata</strong></span> <span class='ocrx_word' id='word_1_171' title='bbox 505 2299 547 2347; x_wconf 91' lang='lat' dir='ltr'><strong>est</strong></span> <span class='ocrx_word' id='word_1_172' title='bbox 568 2292 642 2347; x_wconf 89' lang='lat' dir='ltr'><strong>enim</strong></span> <span class='ocrx_word' id='word_1_173' title='bbox 665 2309 698 2347; x_wconf 84' lang='lat' dir='ltr'><strong>ex</strong></span> <span class='ocrx_word' id='word_1_174' title='bbox 720 2290 782 2347; x_wconf 91' lang='lat' dir='ltr'><strong>uiro</strong></span> <span class='ocrx_word' id='word_1_175' title='bbox 804 2292 908 2365; x_wconf 84' lang='lat' dir='ltr'><strong>uirtus3</strong></span> <span class='ocrx_word' id='word_1_176' title='bbox 931 2292 984 2348; x_wconf 87' lang='lat' dir='ltr'><strong>uiri</strong></span> <span class='ocrx_word' id='word_1_177' title='bbox 1007 2298 1098 2347; x_wconf 88' lang='lat' dir='ltr'><strong>antem</strong></span> 
     </span>
     <span class='ocr_line' id='line_1_20' title="bbox 62 2398 1147 2477; baseline -0.006 -18"><span class='ocrx_word' id='word_1_178' title='bbox 62 2401 176 2476; x_wconf 89' lang='lat' dir='ltr'><strong>propria</strong></span> <span class='ocrx_word' id='word_1_179' title='bbox 197 2400 317 2455; x_wconf 83' lang='lat' dir='ltr'><strong>maxime</strong></span> <span class='ocrx_word' id='word_1_180' title='bbox 328 2406 370 2454; x_wconf 89' lang='lat' dir='ltr'><strong>est</strong></span> <span class='ocrx_word' id='word_1_181' title='bbox 392 2399 534 2454; x_wconf 82' lang='lat' dir='ltr'><strong>fortitudo.</strong></span> <span class='ocrx_word' id='word_1_182' title='bbox 569 2398 654 2454; x_wconf 85' lang='lat' dir='ltr'><strong>Cuius</strong></span> <span class='ocrx_word' id='word_1_183' title='bbox 677 2415 790 2454; x_wconf 89' lang='lat' dir='ltr'><strong>munera</strong></span> <span class='ocrx_word' id='word_1_184' title='bbox 807 2399 862 2454; x_wconf 91' lang='lat' dir='ltr'><strong>duo</strong></span> <span class='ocrx_word' id='word_1_185' title='bbox 884 2405 948 2453; x_wconf 89' lang='lat' dir='ltr'><strong>sunt</strong></span> <span class='ocrx_word' id='word_1_186' title='bbox 969 2399 1098 2469; x_wconf 84' lang='lat' dir='ltr'><strong>maxima,</strong></span> <span class='ocrx_word' id='word_1_187' title='bbox 1144 2472 1147 2477; x_wconf 87' lang='lat'>.</span> 
     </span>
     <span class='ocr_line' id='line_1_21' title="bbox 61 2504 1099 2579; baseline -0.009 -13"><span class='ocrx_word' id='word_1_188' title='bbox 61 2507 160 2566; x_wconf 88' lang='lat' dir='ltr'><strong>mortis</strong></span> <span class='ocrx_word' id='word_1_189' title='bbox 181 2505 343 2579; x_wconf 83' lang='lat' dir='ltr'><strong>dolorisque</strong></span> <span class='ocrx_word' id='word_1_190' title='bbox 365 2506 542 2576; x_wconf 84' lang='lat' dir='ltr'><strong>contemptio.</strong></span> <span class='ocrx_word' id='word_1_191' title='bbox 593 2505 728 2561; x_wconf 87' lang='lat' dir='ltr'><strong>Utendum</strong></span> <span class='ocrx_word' id='word_1_192' title='bbox 751 2512 794 2561; x_wconf 91' lang='lat' dir='ltr'><strong>est</strong></span> <span class='ocrx_word' id='word_1_193' title='bbox 813 2505 898 2575; x_wconf 81' lang='lat' dir='ltr'><strong>igitur</strong></span> <span class='ocrx_word' id='word_1_194' title='bbox 920 2505 973 2576; x_wconf 93' lang='lat' dir='ltr'><strong>his,</strong></span> <span class='ocrx_word' id='word_1_195' title='bbox 997 2505 1020 2560; x_wconf 92' lang='lat' dir='ltr'><strong>si</strong></span> <span class='ocrx_word' id='word_1_196' title='bbox 1041 2504 1099 2559; x_wconf 91' lang='lat' dir='ltr'><strong>uir-</strong></span> 
     </span>
     <span class='ocr_line' id='line_1_22' title="bbox 62 2610 1098 2685; baseline -0.007 -14"><span class='ocrx_word' id='word_1_197' title='bbox 62 2617 127 2672; x_wconf 83' lang='lat' dir='ltr'><strong>tutis</strong></span> <span class='ocrx_word' id='word_1_198' title='bbox 149 2618 291 2685; x_wconf 89' lang='lat' dir='ltr'><strong>compotes</strong></span> <span class='ocrx_word' id='word_1_199' title='bbox 314 2613 359 2668; x_wconf 89' lang='lat' dir='ltr'><strong>uel</strong></span> <span class='ocrx_word' id='word_1_200' title='bbox 381 2611 473 2683; x_wconf 90' lang='lat' dir='ltr'><strong>potius</strong></span> <span class='ocrx_word' id='word_1_201' title='bbox 496 2611 518 2666; x_wconf 91' lang='lat' dir='ltr'><strong>si</strong></span> <span class='ocrx_word' id='word_1_202' title='bbox 541 2611 594 2666; x_wconf 91' lang='lat' dir='ltr'><strong>uiri</strong></span> <span class='ocrx_word' id='word_1_203' title='bbox 616 2613 745 2666; x_wconf 90' lang='lat' dir='ltr'><strong>uolumus</strong></span> <span class='ocrx_word' id='word_1_204' title='bbox 768 2627 840 2681; x_wconf 91' lang='lat' dir='ltr'><strong>esse,</strong></span> <span class='ocrx_word' id='word_1_205' title='bbox 864 2611 995 2682; x_wconf 88' lang='lat' dir='ltr'><strong>quoniam</strong></span> <span class='ocrx_word' id='word_1_206' title='bbox 1018 2627 1031 2664; x_wconf 91' lang='lat' dir='ltr'><strong>a</strong></span> <span class='ocrx_word' id='word_1_207' title='bbox 1054 2610 1098 2665; x_wconf 90' lang='lat' dir='ltr'><strong>ui·</strong></span> 
     </span>
     <span class='ocr_line' id='line_1_23' title="bbox 62 2716 1099 2789; baseline -0.008 -11"><span class='ocrx_word' id='word_1_208' title='bbox 62 2723 101 2779; x_wconf 90' lang='lat' dir='ltr'><strong>ris</strong></span> <span class='ocrx_word' id='word_1_209' title='bbox 123 2721 212 2777; x_wconf 91' lang='lat' dir='ltr'><strong>uirtus</strong></span> <span class='ocrx_word' id='word_1_210' title='bbox 233 2734 334 2775; x_wconf 91' lang='lat' dir='ltr'><strong>nomen</strong></span> <span class='ocrx_word' id='word_1_211' title='bbox 351 2724 393 2773; x_wconf 91' lang='lat' dir='ltr'><strong>est</strong></span> <span class='ocrx_word' id='word_1_212' title='bbox 414 2723 543 2773; x_wconf 88' lang='lat' dir='ltr'><strong>mutuata.</strong></span> <span class='ocrx_word' id='word_1_213' title='bbox 581 2719 702 2785; x_wconf 84' lang='lat' dir='ltr'><strong>Quaeres</strong></span> <span class='ocrx_word' id='word_1_214' title='bbox 726 2716 852 2787; x_wconf 85' lang='lat' dir='ltr'><strong>sortasse,</strong></span> <span class='ocrx_word' id='word_1_215' title='bbox 876 2732 932 2789; x_wconf 92' lang='lat' dir='ltr'><strong>quo</strong></span> <span class='ocrx_word' id='word_1_216' title='bbox 954 2716 1048 2788; x_wconf 90' lang='lat' dir='ltr'><strong>modo,</strong></span> <span class='ocrx_word' id='word_1_217' title='bbox 1073 2721 1099 2771; x_wconf 89' lang='lat' dir='ltr'><strong>et</strong></span> 
     </span>
     <span class='ocr_line' id='line_1_24' title="bbox 62 2810 993 2897; baseline -0.011 -11"><span class='ocrx_word' id='word_1_218' title='bbox 62 2834 153 2897; x_wconf 79' lang='lat' dir='ltr'><strong>reete3</strong></span> <span class='ocrx_word' id='word_1_219' title='bbox 175 2827 258 2882; x_wconf 89' lang='lat' dir='ltr'><strong>talem</strong></span> <span class='ocrx_word' id='word_1_220' title='bbox 279 2824 354 2880; x_wconf 90' lang='lat' dir='ltr'><strong>enim</strong></span> <span class='ocrx_word' id='word_1_221' title='bbox 375 2824 539 2879; x_wconf 89' lang='lat' dir='ltr'><strong>medicinam</strong></span> <span class='ocrx_word' id='word_1_222' title='bbox 561 2824 737 2895; x_wconf 90' lang='lat' dir='ltr'><strong>philosophia</strong></span> <span class='ocrx_word' id='word_1_223' title='bbox 759 2825 910 2895; x_wconf 85' lang='lat' dir='ltr'><strong>profitetur.</strong></span> <span class='ocrx_word' id='word_1_224' title='bbox 974 2810 993 2827; x_wconf 65' lang='lat'>⁸</span> 
     </span>
    </p>

    <p class='ocr_par' dir='ltr' id='par_1_5' title="bbox 60 2928 1098 3748">
     <span class='ocr_line' id='line_1_25' title="bbox 147 2928 1098 3013; baseline -0.004 -24"><span class='ocrx_word' id='word_1_225' title='bbox 147 2934 227 2990; x_wconf 82' lang='lat' dir='ltr'><strong>XlX.</strong></span> <span class='ocrx_word' id='word_1_226' title='bbox 248 2929 300 2989; x_wconf 85' lang='grc'><strong>44.</strong></span> <span class='ocrx_word' id='word_1_227' title='bbox 318 2931 401 2987; x_wconf 88' lang='lat' dir='ltr'><strong>Uenit</strong></span> <span class='ocrx_word' id='word_1_228' title='bbox 416 2929 564 3002; x_wconf 77' lang='lat' dir='ltr'><strong>Epicurus,</strong></span> <span class='ocrx_word' id='word_1_229' title='bbox 587 2930 670 3013; x_wconf 91' lang='lat' dir='ltr'><strong>bomo</strong></span> <span class='ocrx_word' id='word_1_230' title='bbox 693 2928 806 2985; x_wconf 91' lang='lat' dir='ltr'><strong>minime</strong></span> <span class='ocrx_word' id='word_1_231' title='bbox 827 2931 917 2986; x_wconf 91' lang='lat' dir='ltr'><strong>malus</strong></span> <span class='ocrx_word' id='word_1_232' title='bbox 940 2931 984 2984; x_wconf 88' lang='lat' dir='ltr'><strong>uel</strong></span> <span class='ocrx_word' id='word_1_233' title='bbox 1007 2928 1098 2999; x_wconf 90' lang='lat' dir='ltr'><strong>potius</strong></span> 
     </span>
     <span class='ocr_line' id='line_1_26' title="bbox 60 3035 1098 3112; baseline -0.007 -15"><span class='ocrx_word' id='word_1_234' title='bbox 60 3042 106 3098; x_wconf 92' lang='lat' dir='ltr'><strong>uir</strong></span> <span class='ocrx_word' id='word_1_235' title='bbox 128 3040 265 3112; x_wconf 89' lang='lat' dir='ltr'><strong>optimus;</strong></span> <span class='ocrx_word' id='word_1_236' title='bbox 281 3042 385 3095; x_wconf 90' lang='lat' dir='ltr'><strong>tantum</strong></span> <span class='ocrx_word' id='word_1_237' title='bbox 397 3041 500 3108; x_wconf 88' lang='lat' dir='ltr'><strong>monet,</strong></span> <span class='ocrx_word' id='word_1_238' title='bbox 523 3041 655 3107; x_wconf 90' lang='lat' dir='ltr'><strong>quantum</strong></span> <span class='ocrx_word' id='word_1_239' title='bbox 677 3036 815 3107; x_wconf 85' lang='lat' dir='ltr'><strong>intelligit.</strong></span> <span class='ocrx_word' id='word_1_240' title='bbox 847 3035 975 3108; x_wconf 82' lang='lat' dir='ltr'><strong>Neglige,</strong></span> <span class='ocrx_word' id='word_1_241' title='bbox 1000 3035 1098 3108; x_wconf 87' lang='lat' dir='ltr'><strong>inquit,</strong></span> 
     </span>
     <span class='ocr_line' id='line_1_27' title="bbox 61 3138 1098 3215; baseline -0.009 -11"><span class='ocrx_word' id='word_1_242' title='bbox 61 3140 199 3204; x_wconf 82' lang='lat' dir='ltr'><strong>dolore&#39;m.</strong></span> <span class='ocrx_word' id='word_1_243' title='bbox 232 3144 301 3214; x_wconf 87' lang='lat' dir='ltr'><strong>Quis</strong></span> <span class='ocrx_word' id='word_1_244' title='bbox 323 3143 376 3199; x_wconf 91' lang='lat' dir='ltr'><strong>boc</strong></span> <span class='ocrx_word' id='word_1_245' title='bbox 398 3138 486 3200; x_wconf 77' lang='lat' dir='ltr'><strong>dicit?</strong></span> <span class='ocrx_word' id='word_1_246' title='bbox 507 3142 596 3215; x_wconf 90' lang='lat' dir='ltr'><strong>ldem,</strong></span> <span class='ocrx_word' id='word_1_247' title='bbox 620 3141 667 3215; x_wconf 92' lang='lat' dir='ltr'><strong>qui</strong></span> <span class='ocrx_word' id='word_1_248' title='bbox 685 3143 811 3197; x_wconf 87' lang='lat' dir='ltr'><strong>dolorem</strong></span> <span class='ocrx_word' id='word_1_249' title='bbox 831 3158 969 3198; x_wconf 89' lang='lat' dir='ltr'><strong>summurn</strong></span> <span class='ocrx_word' id='word_1_250' title='bbox 986 3143 1098 3198; x_wconf 86' lang='lat' dir='ltr'><strong>malum.</strong></span> 
     </span>
     <span class='ocr_line' id='line_1_28' title="bbox 61 3247 1097 3319; baseline -0.01 -8"><span class='ocrx_word' id='word_1_251' title='bbox 61 3253 117 3312; x_wconf 86' lang='lat' dir='ltr'><strong>llix</strong></span> <span class='ocrx_word' id='word_1_252' title='bbox 138 3252 204 3309; x_wconf 89' lang='lat' dir='ltr'><strong>satis</strong></span> <span class='ocrx_word' id='word_1_253' title='bbox 226 3247 391 3307; x_wconf 83' lang='lat' dir='ltr'><strong>constanter.</strong></span> <span class='ocrx_word' id='word_1_254' title='bbox 421 3247 583 3304; x_wconf 79' lang='lat' dir='ltr'><strong>Audiamus.</strong></span> <span class='ocrx_word' id='word_1_255' title='bbox 606 3278 647 3289; x_wconf 87' lang='lat'>-</span> <span class='ocrx_word' id='word_1_256' title='bbox 671 3249 701 3304; x_wconf 91' lang='lat' dir='ltr'><strong>Si</strong></span> <span class='ocrx_word' id='word_1_257' title='bbox 723 3265 847 3305; x_wconf 91' lang='lat' dir='ltr'><strong>summus</strong></span> <span class='ocrx_word' id='word_1_258' title='bbox 870 3250 951 3304; x_wconf 91' lang='lat' dir='ltr'><strong>dolor</strong></span> <span class='ocrx_word' id='word_1_259' title='bbox 973 3254 1031 3319; x_wconf 88' lang='lat' dir='ltr'><strong>est,</strong></span> <span class='ocrx_word' id='word_1_260' title='bbox 1054 3247 1097 3301; x_wconf 91' lang='lat' dir='ltr'><strong>in-</strong></span> 
     </span>
     <span class='ocr_line' id='line_1_29' title="bbox 61 3347 1097 3433; baseline -0.01 -17"><span class='ocrx_word' id='word_1_261' title='bbox 61 3360 133 3433; x_wconf 88' lang='lat' dir='ltr'><strong>quit,</strong></span> <span class='ocrx_word' id='word_1_262' title='bbox 155 3374 269 3415; x_wconf 88' lang='lat' dir='ltr'><strong>neeesse</strong></span> <span class='ocrx_word' id='word_1_263' title='bbox 295 3362 342 3412; x_wconf 88' lang='lat' dir='ltr'><strong>est</strong></span> <span class='ocrx_word' id='word_1_264' title='bbox 357 3356 473 3414; x_wconf 85' lang='lat' dir='ltr'><strong>breuem</strong></span> <span class='ocrx_word' id='word_1_265' title='bbox 495 3372 566 3412; x_wconf 87' lang='lat' dir='ltr'><strong>esse.</strong></span> <span class='ocrx_word' id='word_1_266' title='bbox 596 3384 647 3395; x_wconf 95' lang='lat'><strong>-·</strong></span> <span class='ocrx_word' id='word_1_267' title='bbox 660 3356 800 3412; x_wconf 82' lang='lat' dir='ltr'><strong>Iteradum</strong></span> <span class='ocrx_word' id='word_1_268' title='bbox 822 3347 913 3411; x_wconf 76' lang='lat' dir='ltr'><strong>eodem</strong></span> <span class='ocrx_word' id='word_1_269' title='bbox 934 3357 991 3410; x_wconf 84' lang='lat' dir='ltr'><strong>ista</strong></span> <span class='ocrx_word' id='word_1_270' title='bbox 1011 3354 1097 3424; x_wconf 74' lang='lat' dir='ltr'><strong>anilii,-</strong></span> 
     </span>
     <span class='ocr_line' id='line_1_30' title="bbox 62 3459 1097 3534; baseline -0.011 -12"><span class='ocrx_word' id='word_1_271' title='bbox 62 3482 121 3522; x_wconf 90' lang='lat' dir='ltr'><strong>nou</strong></span> <span class='ocrx_word' id='word_1_272' title='bbox 134 3465 207 3521; x_wconf 91' lang='lat' dir='ltr'><strong>enim</strong></span> <span class='ocrx_word' id='word_1_273' title='bbox 219 3464 283 3520; x_wconf 90' lang='lat' dir='ltr'><strong>satis</strong></span> <span class='ocrx_word' id='word_1_274' title='bbox 297 3462 433 3534; x_wconf 81' lang='lat' dir='ltr'><strong>intelligo,</strong></span> <span class='ocrx_word' id='word_1_275' title='bbox 446 3462 513 3534; x_wconf 91' lang='lat' dir='ltr'><strong>quid</strong></span> <span class='ocrx_word' id='word_1_276' title='bbox 530 3477 667 3517; x_wconf 90' lang='lat' dir='ltr'><strong>summum</strong></span> <span class='ocrx_word' id='word_1_277' title='bbox 679 3462 754 3517; x_wconf 89' lang='lat' dir='ltr'><strong>dicas</strong></span> <span class='ocrx_word' id='word_1_278' title='bbox 773 3477 845 3531; x_wconf 90' lang='lat' dir='ltr'><strong>esse,</strong></span> <span class='ocrx_word' id='word_1_279' title='bbox 864 3459 929 3531; x_wconf 88' lang='lat' dir='ltr'><strong>quid</strong></span> <span class='ocrx_word' id='word_1_280' title='bbox 947 3459 1041 3514; x_wconf 88' lang='lat' dir='ltr'><strong>breue.</strong></span> <span class='ocrx_word' id='word_1_281' title='bbox 1056 3487 1097 3498; x_wconf 91' lang='lat'>-</span> 
     </span>
     <span class='ocr_line' id='line_1_31' title="bbox 62 3556 1097 3644; baseline -0.011 -16"><span class='ocrx_word' id='word_1_282' title='bbox 62 3573 225 3643; x_wconf 89' lang='lat' dir='ltr'><strong>Summum,</strong></span> <span class='ocrx_word' id='word_1_283' title='bbox 253 3587 309 3644; x_wconf 89' lang='lat' dir='ltr'><strong>quo</strong></span> <span class='ocrx_word' id='word_1_284' title='bbox 338 3556 470 3625; x_wconf 84' lang='lat' dir='ltr'><strong>nihit&#39;stt</strong></span> <span class='ocrx_word' id='word_1_285' title='bbox 497 3567 642 3640; x_wconf 88' lang='lat' dir='ltr'><strong>superius,</strong></span> <span class='ocrx_word' id='word_1_286' title='bbox 670 3569 772 3639; x_wconf 90' lang='lat' dir='ltr'><strong>breue,</strong></span> <span class='ocrx_word' id='word_1_287' title='bbox 801 3582 856 3638; x_wconf 92' lang='lat' dir='ltr'><strong>quo</strong></span> <span class='ocrx_word' id='word_1_288' title='bbox 885 3564 952 3619; x_wconf 92' lang='lat' dir='ltr'><strong>nibil</strong></span> <span class='ocrx_word' id='word_1_289' title='bbox 974 3564 1097 3619; x_wconf 88' lang='lat' dir='ltr'><strong>breuius.</strong></span> 
     </span>
     <span class='ocr_line' id='line_1_32' title="bbox 61 3663 1098 3748; baseline -0.009 -14"><span class='ocrx_word' id='word_1_290' title='bbox 61 3678 218 3735; x_wconf 87' lang='lat' dir='ltr'><strong>Contemno</strong></span> <span class='ocrx_word' id='word_1_291' title='bbox 239 3663 458 3748; x_wconf 80' lang='lat' dir='ltr'><strong>magnitudinem</strong></span> <span class='ocrx_word' id='word_1_292' title='bbox 480 3672 603 3747; x_wconf 91' lang='lat' dir='ltr'><strong>doloris,</strong></span> <span class='ocrx_word' id='word_1_293' title='bbox 631 3691 647 3730; x_wconf 89' lang='lat' dir='ltr'><strong>a</strong></span> <span class='ocrx_word' id='word_1_294' title='bbox 675 3690 729 3746; x_wconf 91' lang='lat' dir='ltr'><strong>qua</strong></span> <span class='ocrx_word' id='word_1_295' title='bbox 756 3689 800 3728; x_wconf 88' lang='lat' dir='ltr'><strong>me</strong></span> <span class='ocrx_word' id='word_1_296' title='bbox 824 3671 944 3728; x_wconf 86' lang='lat' dir='ltr'><strong>breuitas</strong></span> <span class='ocrx_word' id='word_1_297' title='bbox 966 3668 1098 3741; x_wconf 89' lang='lat' dir='ltr'><strong>temporis</strong></span> 
     </span>
    </p>
   </div>
   <div class='ocr_carea' id='block_1_5' title="bbox 60 3860 1098 4103">
    <p class='ocr_par' dir='ltr' id='par_1_6' title="bbox 60 3860 1098 4103">
     <span class='ocr_line' id='line_1_33' title="bbox 131 3860 1098 3933; baseline -0.008 -11"><span class='ocrx_word' id='word_1_298' title='bbox 131 3867 173 3922; x_wconf 78' lang='grc'><strong>42,</strong></span> <span class='ocrx_word' id='word_1_299' title='bbox 184 3876 209 3919; x_wconf 85' lang='lat' dir='ltr'><strong>et</strong></span> <span class='ocrx_word' id='word_1_300' title='bbox 225 3865 345 3933; x_wconf 85' lang='lat' dir='ltr'><strong>minutis)</strong></span> <span class='ocrx_word' id='word_1_301' title='bbox 362 3882 400 3919; x_wconf 89' lang='lat' dir='ltr'><strong>ac.</strong></span> <span class='ocrx_word' id='word_1_302' title='bbox 411 3882 446 3920; x_wconf 89' lang='lat' dir='ltr'><strong>m.</strong></span> <span class='ocrx_word' id='word_1_303' title='bbox 458 3869 489 3918; x_wconf 92' lang='grc'><strong>0.</strong></span> <span class='ocrx_word' id='word_1_304' title='bbox 523 3860 742 3931; x_wconf 80' lang='lat' dir='ltr'><strong>permanantibus)</strong></span> <span class='ocrx_word' id='word_1_305' title='bbox 757 3866 1005 3930; x_wconf 77' lang='lat' dir='ltr'><strong>permanentibusll.</strong></span> <span class='ocrx_word' id='word_1_306' title='bbox 1024 3867 1098 3916; x_wconf 90' lang='lat' dir='ltr'><strong>dolo-</strong></span> 
     </span>
     <span class='ocr_line' id='line_1_34' title="bbox 62 3949 1097 4017; baseline -0.01 -13"><span class='ocrx_word' id='word_1_307' title='bbox 62 3952 188 4017; x_wconf 85' lang='lat' dir='ltr'><strong>remque)</strong></span> <span class='ocrx_word' id='word_1_308' title='bbox 206 3955 230 4003; x_wconf 91' lang='lat' dir='ltr'><strong>d.</strong></span> <span class='ocrx_word' id='word_1_309' title='bbox 250 3953 305 4002; x_wconf 90' lang='lat' dir='ltr'><strong>eius</strong></span> <span class='ocrx_word' id='word_1_310' title='bbox 323 3953 388 4017; x_wconf 77' lang='grc' dir='ltr'><strong>ΒΟ,</strong></span> <span class='ocrx_word' id='word_1_311' title='bbox 415 3955 456 4002; x_wconf 77' lang='lat' dir='ltr'><strong>bie</strong></span> <span class='ocrx_word' id='word_1_312' title='bbox 473 3967 531 4002; x_wconf 86' lang='lat' dir='ltr'><strong>eom</strong></span> <span class='ocrx_word' id='word_1_313' title='bbox 547 3955 628 4002; x_wconf 77' lang='lat' dir='ltr'><strong>ubete</strong></span> <span class='ocrx_word' id='word_1_314' title='bbox 664 3952 705 4002; x_wconf 78' lang='grc'><strong>43.</strong></span> <span class='ocrx_word' id='word_1_315' title='bbox 724 3949 819 4016; x_wconf 87' lang='lat' dir='ltr'><strong>nonne)</strong></span> <span class='ocrx_word' id='word_1_316' title='bbox 838 3964 887 4000; x_wconf 93' lang='lat' dir='ltr'><strong>non</strong></span> <span class='ocrx_word' id='word_1_317' title='bbox 907 3952 948 4014; x_wconf 85' lang='lat' dir='ltr'><strong>R,</strong></span> <span class='ocrx_word' id='word_1_318' title='bbox 966 3953 1011 3999; x_wconf 82' lang='lat' dir='ltr'><strong>sed</strong></span> <span class='ocrx_word' id='word_1_319' title='bbox 1028 3963 1097 3999; x_wconf 88' lang='lat' dir='ltr'><strong>corr.</strong></span> 
     </span>
     <span class='ocr_line' id='line_1_35' title="bbox 60 4034 1096 4103; baseline -0.004 -17"><span class='ocrx_word' id='word_1_320' title='bbox 60 4040 91 4087; x_wconf 81' lang='lat' dir='ltr'><strong>tn</strong></span> <span class='ocrx_word' id='word_1_321' title='bbox 106 4051 200 4087; x_wconf 90' lang='lat' dir='ltr'><strong>nonne.</strong></span> <span class='ocrx_word' id='word_1_322' title='bbox 218 4036 313 4099; x_wconf 78' lang='lat' dir='ltr'><strong>Atqui)</strong></span> <span class='ocrx_word' id='word_1_323' title='bbox 330 4038 417 4098; x_wconf 86' lang='lat' dir='ltr'><strong>atquin</strong></span> <span class='ocrx_word' id='word_1_324' title='bbox 435 4039 465 4087; x_wconf 80' lang='lat' dir='ltr'><strong>ll.</strong></span> <span class='ocrx_word' id='word_1_325' title='bbox 502 4036 635 4103; x_wconf 79' lang='lat' dir='ltr'><strong>excellent)</strong></span> <span class='ocrx_word' id='word_1_326' title='bbox 654 4039 789 4087; x_wconf 75' lang='lat' dir='ltr'><strong>excellebat</strong></span> <span class='ocrx_word' id='word_1_327' title='bbox 808 4034 862 4086; x_wconf 78' lang='grc' dir='ltr'><strong>ΒΟ.</strong></span> <span class='ocrx_word' id='word_1_328' title='bbox 898 4035 941 4088; x_wconf 80' lang='lat' dir='ltr'><strong>ll.</strong></span> <span class='ocrx_word' id='word_1_329' title='bbox 959 4037 1096 4093; x_wconf 83' lang='lat' dir='ltr'><strong>Iteradum)</strong></span> 
     </span>
    </p>
   </div>
   <div class='ocr_carea' id='block_1_6' title="bbox 61 4121 916 4267">
    <p class='ocr_par' dir='ltr' id='par_1_7' title="bbox 61 4121 916 4267">
     <span class='ocr_line' id='line_1_36' title="bbox 61 4121 255 4174; baseline 0.01 -2"><span class='ocrx_word' id='word_1_330' title='bbox 61 4123 206 4173; x_wconf 83' lang='lat' dir='ltr'><strong>iterandum</strong></span> <span class='ocrx_word' id='word_1_331' title='bbox 224 4121 255 4174; x_wconf 84' lang='lat' dir='ltr'><strong>ll.</strong></span> 
     </span>
     <span class='ocr_line' id='line_1_37' title="bbox 886 4215 916 4267; baseline 0.2 -5"><span class='ocrx_word' id='word_1_332' title='bbox 886 4215 916 4267; x_wconf 71' lang='lat' dir='ltr'><strong>b*</strong></span> 
     </span>
    </p>
   </div>
   <div class='ocr_carea' id='block_1_7' title="bbox 0 0 1310 4634">
    <p class='ocr_par' dir='ltr' id='par_1_8' title="bbox 0 0 1310 4634">
     <span class='ocr_line' id='line_1_38' title="bbox 0 0 1310 4634; baseline 0 0"><span class='ocrx_word' id='word_1_333' title='bbox 0 0 1310 4634; x_wconf 95' lang='lat' dir='ltr'><strong> </strong></span> 
     </span>
    </p>
   </div>
  </div>
 </body>
</html>
