2610 4634
383 298 458 344 cre.
482 288 517 344 ll.
551 301 633 346 cnr.
659 286 795 365 11-13.
1066 291 1104 352 61

154 488 221 544 ΧΗ.
252 484 304 547 28.
338 489 395 545 Sed
422 488 490 562 quid
521 488 610 561 poetis
638 487 804 546 irascimur?
847 491 961 550 Uirtutis
982 494 1107 568 magistri

66 593 231 667 philosophi
256 595 362 651 inuenti
384 603 457 669 suut,
481 596 529 669 qui
552 613 690 652 summum
711 599 814 653 malum
830 599 956 656 dolorem
974 600 1106 658 dicerent.

65 702 105 758 At
122 709 162 773 tu,
181 702 354 774 adolescens,
377 699 463 774 quum
484 703 513 760 id
535 703 584 759 tibi
607 704 700 774 paullo
723 711 785 760 ante
806 705 923 762 dixisses
945 706 1044 781 uideri,
1058 725 1106 764 ro·

67 815 148 880 gatus
171 825 187 865 a
208 825 263 880 me,
287 809 406 865 etiamne
427 809 516 866 maius
539 827 622 882 quam
644 810 781 883 dedecus,
805 813 892 869 uerbo
915 813 950 869 de
972 812 1106 870 sententia

65 914 207 972 destitisti.
251 917 329 987 Roga
352 911 405 973 boc
426 917 500 973 idem
522 916 690 988 Epicuium,
713 916 804 973 maius
825 918 898 974 dicet
919 935 980 976 esse
1001 922 1106 977 malum

66 1021 239 1077 mediocrem
262 1023 389 1079 dolorem
418 1041 501 1096 quam
529 1024 680 1080 maximum
709 1024 850 1097 dedecus3
879 1024 909 1097 in
936 1025 997 1096 ipso
1032 1027 1105 1083 enim

66 1128 208 1184 dedecore
230 1130 295 1185 mali
318 1130 388 1186 nihil
410 1146 487 1204 esse,
515 1131 570 1186 nisi
592 1137 742 1202 sequantur
763 1131 886 1189 dolores.
931 1132 999 1200 Quis
1021 1132 1106 1204 igitur

65 1233 222 1306 Epicurum
243 1241 369 1308 sequitur
390 1236 481 1310 dolor,
505 1253 590 1309 quum
613 1237 666 1293 boe
686 1238 778 1309 ipsum
796 1237 872 1311 dicit,
890 1255 1029 1296 summum
1045 1257 1106 1297 ma·

66 1341 126 1396 lum
149 1357 212 1398 esse
239 1343 382 1416 dolorem,
411 1359 467 1416 quo
501 1343 621 1399 dedecus
648 1343 737 1399 maius
764 1361 780 1399 a
808 1344 976 1417 philosopho
998 1348 1105 1403 nullum

66 1445 208 1518 expecta?
226 1449 323 1518 ¹Quane
344 1448 409 1506 satis
431 1449 499 1505 mihi
521 1450 631 1522 dedisti,
654 1467 739 1523 quum
761 1451 930 1523 respondisti
947 1452 1036 1508 maius
1054 1452 1105 1509 tibi

65 1553 159 1610 uideri
179 1556 284 1611 malum
304 1555 426 1612 dedecus
448 1573 531 1628 quam
553 1557 689 1613 dolorem.
722 1556 898 1629 Hocipsum
921 1559 995 1614 enim
1017 1557 1040 1614 si
1062 1566 1104 1616 te·

65 1660 166 1732 nobis,
188 1660 343 1735 intelliges,
366 1679 450 1735 quam
471 1662 507 1718 sit
528 1663 718 1720 obsistendum
739 1663 846 1737 dolori3
869 1680 921 1721 nec
941 1670 997 1721 tam
1018 1681 1105 1737 quae-

12 1762 17 1770 ’
65 1748 271 1840 ηυᾱυιιίθει,
302 1768 386 1825 dolor
413 1771 553 1825 malumne
575 1769 627 1842 sit,
656 1765 911 1842 qoam‘firmandus
939 1771 1047 1828 animus
1069 1772 1106 1828 ad

65 1872 194 1929 dolerem
215 1873 392 1930 leniendum.x
413 1872 465 1934 29.
485 1875 660 1933 Concludunt
680 1875 847 1932 ratiunculas
860 1877 955 1942 Stoici,
977 1894 1027 1934 cur
1048 1894 1105 1934 non

65 1979 103 2036 sit
124 1980 244 2054 malum,
272 1980 351 2052 quasi
380 1982 415 2037 de
437 1982 544 2056 uerbo,
574 1999 630 2038 non
652 1984 687 2038 de
709 2000 739 2039 re
762 1984 911 2041 laboretur.
965 1984 1038 2054 Quid
1059 2001 1105 2040 me

64 2085 193 2158 decipis,
207 2083 305 2143 Zeno?
327 2089 398 2145 Nam
419 2105 505 2162 quum
527 2087 566 2162 id,
589 2089 665 2161 quod
686 2088 754 2145 mihi
776 2089 910 2145 horribile
932 2091 1052 2163 uidetur,
1075 2098 1104 2148 tu

22 2254 26 2260 ,
65 2192 179 2249 omnino
202 2195 306 2251 malum
328 2211 413 2265 negas
437 2211 515 2268 esse,
546 2195 642 2267 capior
669 2203 695 2252 et
717 2194 787 2252 scire
810 2195 910 2269 cupio,
940 2212 996 2268 quo
1017 2198 1102 2252 modo

64 2297 112 2369 id,
140 2300 218 2372 quod
245 2317 299 2372 ego
319 2300 507 2357 miserrimum
529 2301 699 2375 existimem,
729 2319 765 2359 ue
793 2304 897 2359 malum
919 2301 1030 2374 quidem
1060 2303 1104 2360 sit

64 2405 147 2463 Nihil.
165 2412 222 2480 est,
245 2407 350 2480 inquit,
372 2410 492 2480 malum,
521 2409 574 2464 nisi
597 2410 672 2481 quod
693 2414 774 2480 turpe
796 2415 823 2466 al
842 2426 877 2465 ue
898 2408 1029 2465 uitiosum
1051 2415 1103 2466 est.

64 2512 110 2568 Ad
131 2511 247 2583 ineptias
270 2513 353 2579 redis.
396 2515 470 2570 lllud
491 2515 581 2587 enim,
604 2515 680 2588 quod
701 2531 747 2571 me
768 2515 896 2585 angebat,
918 2531 974 2571 non
996 2514 1104 2572 eximis.

64 2618 282 2676 Seiadolorem
302 2636 358 2676 non
381 2637 443 2676 esse
464 2621 626 2693 nequitiam.
668 2620 772 2678 Desine
793 2620 822 2677 id
844 2636 889 2676 mc
911 2620 1028 2693 docere;
1051 2621 1104 2678 boc

64 2725 152 2798 doce,
174 2726 300 2798 doleam,
323 2742 410 2783 necue
433 2727 552 2801 doleam,
575 2727 645 2783 nihil
667 2726 810 2783 interesse.
853 2726 1002 2797 Nunquam
1024 2719 1102 2799 quic·

64 2847 160 2905 quam,
182 2830 281 2906 inquit,
303 2834 338 2890 ad
359 2835 438 2890 beate
460 2828 745 2907 quidem'uiuendum,
768 2832 844 2907 quod
866 2836 908 2889 est
923 2831 951 2887 in
968 2848 1022 2888 una
1044 2832 1103 2889 uir·
1201 2901 1205 2906 .

63 2943 122 2994 tute
143 2937 281 3010 positum,
304 2939 353 2994 sed
377 2944 532 2996 esttamen
554 2939 735 2996 reiciendum.
779 2936 860 2998 Cur?
882 2937 1021 3010 Asperum
1043 2943 1102 3012 est,

64 3050 161 3100 contra
183 3051 317 3117 naturam,
340 3045 455 3103 dillicile
476 3063 621 3120 perpessu,
644 3044 732 3117 triste,
755 3044 863 3099 durum.

62 3175 66 3181 ·
149 3130 312 3208 x111ss'30.
344 3151 422 3208 llaec
449 3157 492 3208 est
520 3152 599 3224 copia
625 3152 792 3222 uerborum,
821 3149 898 3221 quod
926 3166 1023 3207 omues
1044 3167 1102 3208 uno

62 3256 152 3311 uerbo
173 3256 277 3310 malum
298 3258 493 3328 appellamus,
515 3257 544 3313 id
573 3264 614 3314 tot
634 3257 725 3313 modis
747 3270 830 3327 posse
852 3255 953 3312 dicere.
996 3255 1102 3314 Delinis

62 3367 92 3418 tu
115 3361 198 3432 mihi,
220 3378 278 3417 non
299 3363 375 3418 tollis
396 3364 542 3434 dolorem,
565 3380 653 3436 quum
674 3362 744 3419 dicis
766 3378 911 3435 asperum,
935 3368 1087 3418 contrane

10 3443 13 3451 ’
62 3473 169 3538 turam,
192 3466 240 3523 uix
256 3467 332 3540 quod
354 3469 422 3524 ferri
444 3469 612 3542 tolerarique
634 3469 738 3541 possit,
762 3484 813 3524 nec
835 3466 976 3538 mentiris3
1000 3467 1049 3521 sed
1069 3483 1101 3523 rc

63 3574 247 3631 succumbere
267 3590 325 3630 uon
347 3576 492 3646 oportebat
509 3575 604 3631 uerbis
627 3573 850 3646 gloriabundum.
886 3571 962 3627 Nihil
984 3571 1101 3645 bouuni,

63 3679 116 3735 nisi
146 3679 222 3752 quod
251 3679 415 3754 honestum,
445 3681 514 3736 nibil
543 3682 668 3753 malum,
696 3678 749 3736 nisi
781 3677 856 3751 quod
885 3684 978 3748 turpe:
1006 3683 1121 3748 optare¹

62 3784 116 3841 hoc
137 3786 250 3859 quidem
272 3792 324 3857 est,
350 3802 407 3842 non
429 3786 539 3841 docere.
577 3784 651 3841 lllud
673 3791 701 3841 et
722 3783 822 3840 melius
839 3790 867 3841 et
878 3783 983 3856 uerius,
997 3784 1100 3856 omnia,

64 3996 67 4000 .
129 3946 172 3995 ⁸28.
192 3947 285 4010 Roga)
311 3949 384 4009 uago
402 3946 459 3997 ΒΟ.
498 3948 545 3997 hoc
564 3947 649 4011 idernl
669 3947 702 3995 ho
726 3946 832 4006 quidem
851 3945 884 3994 ll.
926 3944 968 3994 29.
987 3944 1101 4008 decipis)

62 4029 166 4092 decepis
184 4032 215 4081 R.
250 4044 328 4094 negas
346 4031 419 4095 esse)
436 4043 492 4082 esse
510 4043 589 4092 negas
600 4030 631 4080 0.
666 4029 710 4080 30.
728 4029 933 4092 gloriabundum)
951 4029 1100 4091 gloriantem

62 4112 124 4162 dum
141 4113 199 4168 ΗΟ.
321 4116 324 4123 “
