2610 4634
125 283 187 347 tot
338 287 951 361 rosensennrsennsrronun

126 493 169 544 est
192 487 315 556 bonum,
347 482 376 538 id
398 497 453 537 non
480 478 573 552 quiuis
600 477 703 535 hahere
730 483 839 550 putest3
872 479 975 534 omitto
996 475 1159 536 nobilitatem

125 595 283 665 famamque
302 589 468 662 popularem
489 585 635 642 stultorum
655 583 908 656 improborumquc
929 599 1076 642 consensu
1095 585 1161 643 erd-

126 705 228 771 tatam3
251 697 335 769 haec,
363 710 435 767 quse
457 696 521 748 sunt
542 689 671 763 minima,
695 695 787 746 tamen
808 690 882 746 hona
904 689 1036 748 dicantur
1056 706 1161 749 necesse

128 813 185 879 est,
207 801 346 862 candiduli
368 801 481 871 dentes,
508 796 618 854 uenusti
638 795 731 869 oculi,
754 797 835 852 color
856 795 954 853 suauis
977 802 1007 853 et
1027 813 1079 871 ea,
1099 813 1162 870 quae
1193 842 1199 854 .

130 913 254 970 Anticlea
276 907 369 966 laudat
389 905 464 963 Ulixi
484 904 570 976 pedes
592 902 718 973 abluens,
1149 883 1156 896 ‘

212 1016 347 1073 lenitudo
370 1012 519 1081 orationis,
541 1009 688 1065 mollitudo
710 1010 857 1079 sospem

129 1141 162 1181 ea
184 1123 207 1180 si
229 1122 302 1176 hona
313 1120 455 1188 ducemus,
479 1114 548 1188 quid
569 1114 623 1171 erit
642 1115 671 1170 in
691 1113 854 1187 philosophi
876 1114 1017 1186 grauitme
1039 1116 1162 1190 quamin

129 1228 207 1300 uulgi
230 1224 362 1299 opinione
386 1220 590 1293 stultorumque
611 1221 708 1294 turha,
740 1221 817 1294 quod
848 1221 960 1277 dicatur
980 1229 1030 1278 aut
1062 1223 1163 1294 grauius

131 1341 179 1392 aut
199 1328 355 1405 grannius?
397 1329 450 1388 47.
478 1329 515 1384 ht
535 1327 610 1384 enim
632 1328 729 1383 eadem
751 1326 837 1384 Stoici
859 1328 1015 1400 praecipua
1036 1331 1087 1386 uel
1106 1345 1164 1402 pro·

131 1444 212 1499 ducta
233 1440 344 1511 dicunt,
366 1454 438 1509 quae
461 1436 533 1491 hona
555 1434 609 1489 isti.
652 1433 755 1489 Dicunt
776 1432 817 1488 illi
839 1433 976 1507 quidem,
1001 1436 1055 1492 sed
1073 1435 1109 1492 iis
1127 1435 1163 1492 ui·

131 1557 186 1606 tam
213 1522 321 1603 beatam
353 1541 487 1614 compleri
514 1546 631 1612 negau13
663 1539 692 1595 hi
714 1547 806 1596 antem
826 1540 888 1596 siue
916 1539 952 1597 iis
976 1557 1042 1598 esse
1070 1543 1166 1598 nullm

132 1659 228 1728 putant
248 1659 305 1724 aut,
328 1651 351 1707 si
374 1651 410 1705 sit
430 1649 520 1720 beata,
542 1646 730 1702 beatissimam
751 1651 826 1702 certe
842 1652 955 1717 negant.
1002 1647 1064 1706 Nos
1085 1655 1165 1705 auten

132 1764 264 1818 uolumus
286 1756 483 1825 beatissimam,
517 1754 601 1825 idque
634 1752 715 1808 nobis
749 1751 889 1808 Socration
920 1753 973 1809 illa
994 1755 1166 1812 conclusione

132 1866 319 1924 confirmatur.
364 1860 410 1917 Sic
438 1858 512 1915 enim
545 1859 673 1930 princeps
704 1858 753 1916 ille
774 1859 972 1932 philosophiae
1006 1861 1166 1934 disserebat,

132 1970 223 2044 qualis
245 1968 379 2039 cuiusque
392 1965 476 2021 animi
497 1964 611 2021 allectus
631 1971 713 2039 esset,
736 1967 820 2022 talem
842 1965 1083 2041 essehominem3
1105 1984 1167 2041 qur-

131 2078 167 2135 lis
189 2081 281 2132 autem
302 2072 386 2129 homo
407 2071 469 2144 ipse
485 2077 568 2143 esset,
590 2072 673 2128 talem
694 2071 755 2127 eius
777 2087 840 2128 esse
856 2071 1035 2147 orationem
1058 2074 1167 2132 endon

133 2190 225 2243 autem
246 2180 317 2236 iacta
328 2179 439 2252 similia,
462 2177 541 2234 tactis
563 2178 658 2234 uitam.
690 2177 813 2235 Affectus
834 2184 928 2234 autem
949 2179 1038 2237 animi
1049 2181 1081 2238 in
1100 2182 1167 2238 hono

132 2290 195 2350 niro
217 2287 377 2360 laudabilis,
410 2293 438 2343 et
466 2284 520 2342 uita
541 2283 625 2356 igitur
646 2283 793 2342 laudabilis
813 2284 881 2342 boni
908 2284 975 2360 uiri,
1006 2293 1035 2344 et
1062 2287 1169 2345 honeste

134 2412 222 2467 ergo,
244 2393 377 2467 quoniam
405 2391 563 2449 laudabilis.
606 2391 650 2448 Ex
672 2392 774 2465 quibus
794 2391 936 2448 bonorum
956 2391 1072 2451 beatam
1091 2395 1169 2452 uitam

134 2518 197 2560 esse
226 2499 409 2558 concluditur.
463 2495 515 2557 48.
549 2496 660 2554 Etenim
687 2514 739 2571 pro
766 2498 884 2555 deorum
913 2503 999 2572 atque
1031 2500 1170 2558 hominum

39 2654 44 2661 ,
133 2611 235 2667 fidem!
258 2623 393 2681 parumne
414 2603 555 2676 cognitum
576 2609 619 2660 est
639 2603 830 2675 superioribus
852 2603 958 2661 nothis
978 2606 1169 2680 disputationi·

135 2716 208 2789 hns,
241 2732 276 2771 an
305 2709 494 2770 delectationis
523 2716 551 2767 et
577 2710 616 2767 oti
644 2710 827 2768 consumendi
854 2714 937 2768 eausa
958 2714 1048 2770 locuti
1070 2729 1170 2786 sumus,

135 2821 288 2895 sapientem
318 2820 353 2876 ab
381 2819 456 2875 omni
484 2816 667 2875 concitatione
695 2816 794 2889 animi,
827 2833 912 2890 quam
938 2820 1172 2890 permrhancneu

136 2942 218 2999 noco,
242 2942 352 2998 semper
372 2942 482 2996 uacare,
505 2941 617 2995 semper
638 2923 667 2980 in
688 2923 782 2980 animo
804 2922 865 2980 eius
882 2940 947 2981 esse
956 2926 1171 2997 placidissimam

136 3027 254 3102 pacem?
286 3030 337 3086 Uir
357 3029 442 3099 igitur
462 3035 645 3101 temperatus,
674 3035 820 3103 constans,
843 3029 905 3087 siue
926 3037 1024 3106 metu,
1048 3034 1109 3091 sine
1128 3048 1172 3090 ae·

136 3132 286 3206 gritudine,
308 3133 369 3189 sine
390 3133 528 3190 alacritate
550 3135 617 3206 ulla,
639 3135 700 3193 siue
722 3135 848 3209 libidine,
871 3152 966 3194 nonne
987 3136 1112 3197 beatm'i
1140 3139 1174 3196 st

136 3257 249 3314 semper
281 3239 391 3311 sapiens
420 3238 497 3312 talis3
530 3255 641 3313 semper
669 3242 754 3314 igitur
778 3243 885 3300 heatus.
939 3245 1000 3300 lam
1033 3262 1104 3302 uero
1129 3244 1174 3319 qui

136 3355 230 3423 potest
249 3347 294 3405 uir
314 3349 405 3405 honus
427 3363 484 3402 nou
505 3346 601 3419 adid,
624 3349 700 3420 quod
721 3350 860 3406 laudabile
882 3349 928 3423 sit,
951 3351 1048 3408 omnia
1061 3351 1174 3424 retelre,

138 3473 209 3530 qnae
230 3455 288 3527 agit
307 3471 434 3530 quaeque
456 3450 563 3511 sentit?
584 3453 679 3510 Refert
700 3461 792 3512 autem
813 3455 905 3514 omnis
926 3457 963 3514 ed
984 3456 1069 3516 heato
1079 3459 1175 3516 uiuen-

206 3784 249 3833 46.
267 3797 306 3850 ea,
323 3784 399 3847 qnae)
416 3797 487 3847 nque
505 3786 538 3835 Ρ.
573 3796 639 3847 eque
656 3785 685 3835 Ρ.
719 3786 852 3851 Anticlea)
868 3787 980 3837 Anticlia
989 3789 1019 3838 P.
1056 3789 1177 3852 Euryclea

141 3865 173 3915 0.
202 3867 340 3934 ducemus)
357 3870 400 3920 Sto
416 3869 482 3920 Non.
498 3883 526 3932 p.
539 3867 601 3919 182
612 3870 770 3923 dieemnsO.
806 3871 847 3920 47
858 3872 904 3921 sed
921 3871 969 3936 iis)
986 3873 1033 3923 sed
1052 3871 1177 3923 hlsRPO.

139 3947 195 3997 sinc
216 3949 263 4013 tis)
280 3953 303 4001 st
320 3955 361 4003 his
375 3955 428 4007 ΡΡ.
465 3955 541 4006 homo
559 3953 625 4016 ipse)
640 3955 696 4017 ipse
710 3956 786 4004 homo
795 3954 851 4004 ΡΟ
878 3953 1033 4022 orationem)
1054 3957 1177 4007 rationem

139 4029 195 4080 ΡΡ.
236 4035 359 4100 orattoul)
374 4039 480 4090 rationis
497 4040 552 4093 ΡΡ
586 4035 629 4092 ts.
647 4040 737 4104 fldem)
753 4040 854 4147 fideli.
888 4039 1081 4106 delectationis)
1097 4040 1178 4092 dilec-

139 4115 248 4167 tationis
267 4117 318 4167 uP.
353 4120 401 4185 At)
417 4128 462 4172 aut
477 4123 530 4174 ΡΡ
