2610 4634
436 295 512 343 tre
534 284 582 343 lv.
626 297 710 344 cnr.
732 283 868 346 21-2‘2.
1115 284 1175 347 mn

135 493 199 546 test.
242 485 374 544 Definitio
395 486 625 561 perturbationis,
653 506 708 561 qua
730 493 803 544 recte
825 491 967 546 Zenonem
988 507 1070 546 usum
1091 497 1175 561 puto;

135 596 173 653 ita
195 595 271 652 enim
293 593 399 666 delinit,
421 600 453 650 ut
474 593 643 665 perturbatio
666 596 702 652 sit
722 613 819 653 auersa
841 612 857 651 a
879 596 986 652 ratione
1009 605 1102 653 contra
1125 614 1177 653 na·

134 711 226 760 turam
247 699 332 758 animi
354 699 512 773 commotio,
535 703 581 757 uel
603 702 727 775 breuius,
750 707 780 757 ut
798 702 967 773 perturbatio
985 702 1021 758 sit
1038 702 1176 774 appetitus
1215 750 1219 758 .

136 809 338 878 uehementior,
360 806 553 863 uehementior
573 815 665 865 autem
686 808 855 880 intelligatur
872 809 906 879 is,
926 808 975 881 qui
992 810 1091 880 procul
1103 809 1177 866 absit

134 934 152 973 a
173 921 287 971 naturae
310 912 478 983 constantim
511 910 561 972 48.
590 913 657 984 quid
679 913 715 968 ad
736 914 785 970 has
807 915 981 971 definitiones
1004 915 1110 986 possint
1130 916 1175 971 di·

135 1018 223 1079 cere?
255 1022 347 1094 Atque
370 1020 437 1075 haec
464 1021 598 1091 pleraque
620 1025 685 1076 sunt
706 1022 857 1092 prudenter
878 1028 1013 1094 acuteque
1034 1022 1175 1078 disseren-

134 1129 222 1200 tium3
243 1127 293 1183 illa
315 1125 428 1199 quidem
449 1143 484 1181 ex
505 1127 647 1182 rhetorum
670 1144 789 1199 pompa,
813 1129 926 1185 ardores
949 1128 1103 1184 animorum
1125 1146 1175 1183 co·

135 1241 235 1308 tesqua
258 1234 400 1289 uirtutum.
449 1233 494 1288 An
521 1249 589 1288 uero
619 1232 663 1289 uir
691 1232 770 1288 tortis
804 1233 858 1290 nisi
886 1235 1052 1291 stomachari
1073 1236 1174 1307 coepit,

134 1359 196 1399 non
218 1345 308 1413 potest
329 1338 409 1395 sortis
432 1335 518 1395 esse?
540 1339 742 1395 Gladiatorium
764 1339 792 1395 id
814 1339 943 1413 quidem;
966 1358 1123 1413 quanquam
1146 1341 1175 1398 in

134 1447 178 1505 eis
199 1447 269 1519 ipsis
290 1446 418 1502 uidemus
447 1462 529 1517 saepe
556 1445 746 1501 constantiam.
800 1446 1021 1518 Colloquuntur,
1056 1465 1174 1518 congre·

134 1553 265 1626 diuntor,
288 1551 594 1626 queruntur,'aliquid
615 1553 773 1624 postulant,
801 1557 832 1609 ut
859 1552 947 1624 magis
969 1553 1068 1624 placati
1089 1571 1174 1626 qnam

134 1661 199 1718 irati
220 1677 284 1718 csse
305 1659 461 1717 uideantur.
506 1658 563 1715 Sed
591 1657 620 1713 in
642 1659 692 1714 illo
720 1677 823 1730 genere
853 1660 889 1715 sit
916 1676 982 1716 sane
1008 1660 1173 1718 Pacidiauus

133 1767 237 1840 aliquis
258 1768 313 1824 hoe
332 1766 436 1840 animo,
459 1771 490 1822 ut
510 1771 601 1821 narrat
622 1765 767 1822 Lucilius:

178 1874 310 1932 Occidam
329 1875 410 1931 illam
431 1875 554 1945 equidem
574 1877 600 1928 et
620 1875 740 1946 cineam,
763 1875 788 1929 si
809 1875 840 1930 id
862 1875 1007 1946 qnaeritis,
1029 1875 1141 1946 inqui&

179 1981 281 2038 lienem
300 1981 373 2037 illud
394 1983 473 2036 creda
494 1981 574 2053 fare:
596 1983 624 2036 in
648 1984 781 2053 caprina
803 1983 939 2053 accipiam
959 1984 1034 2053 ipse,

178 2088 272 2156 (lnam
292 2089 418 2159 pladinm
438 2089 468 2142 m
491 2088 642 2161 stomacho,
664 2082 689 2162 ᾧ
710 2091 791 2144 auria
812 2107 845 2144 ec
862 2089 1042 2160 pulmonibus
1064 2091 1159 2149 aista„

176 2194 235 2254 Odi
255 2197 401 2266 mammem,
422 2196 513 2249 iratas
531 2210 640 2265 pepon,
663 2211 712 2248 nec
735 2194 846 2264 lonpins
869 2197 1018 2265 quicquam

148 2286 150 2290 Α
176 2304 278 2376 Nobis,
300 2319 384 2375 qnam
405 2303 518 2357 dextrae
538 2301 664 2371 eludium
690 2303 753 2356 dam
775 2301 959 2355 accommodet
981 2299 1071 2370 altem

178 2410 271 2483 Usque
292 2413 359 2466 adeo
382 2411 475 2464 studio
498 2415 582 2479 atque
603 2410 667 2464 odio
690 2408 769 2463 illim
791 2407 890 2477 cffmar
910 2408 966 2462 ira.

222 2513 315 2571 xxn.
338 2512 389 2572 49.
411 2516 448 2571 At
469 2514 529 2570 sine
551 2515 602 2570 hae
624 2513 786 2585 gladiatoria
807 2512 948 2569 iracundia
965 2512 1091 2569 uidemus
1103 2530 1170 2584 pro-

133 2621 307 2691 gradientem
328 2623 402 2692 apud
424 2622 580 2676 Homerum
590 2621 703 2676 Aiacem
725 2621 810 2676 multa
832 2637 895 2675 cum
915 2619 1060 2691 hilaritate,
1083 2636 1170 2690 quum

133 2726 343 2798 depugnaturus
366 2735 439 2785 esset
461 2745 523 2784 cum
546 2728 677 2783 llcctore.
708 2727 804 2795 Cuius,
828 2733 858 2782 ut
878 2743 953 2782 arma
975 2726 1102 2797 sumpsit,
1125 2725 1169 2781 in-

134 2833 244 2904 gressio
274 2835 405 2892 laetitiam
433 2835 523 2891 attulit
551 2832 651 2904 sociis,
683 2839 817 2889 terrorem
846 2839 937 2890 autem
966 2832 1110 2898 hostibus,
1139 2838 1170 2888 nt

133 2939 227 3012 ipsum
237 2940 397 3014 Hectorem,
410 2942 643 3015 quemadmodum
659 2946 700 2997 est
720 2940 793 3012 apud
805 2941 970 3012 Homerum,
984 2945 1040 2995 toto
1057 2946 1170 3011 pectore

133 3053 306 3120 trementem,
322 3065 490 3120 prouocassc
512 3049 546 3104 ad
568 3066 689 3120 pugnam
711 3047 873 3120 poeniteret.
916 3048 1007 3119 Atque
1030 3045 1057 3102 hi
1080 3049 1169 3103 collo·

132 3153 189 3212 cuti
211 3155 283 3211 inter
304 3173 350 3227 se,
373 3155 536 3228 prinsquam
558 3172 669 3211 manum
691 3161 884 3227 consererent,
907 3154 1007 3211 leniter
1028 3160 1056 3211 et
1076 3154 1170 3226 quiete

130 3261 201 3318 nihil
231 3279 266 3318 nc
293 3262 322 3318 in
350 3262 410 3334 ipsa
439 3262 551 3334 quidem
580 3279 673 3333 pugna
701 3261 832 3318 iracunde
860 3261 1006 3318 rabioscue
1034 3260 1168 3317 fecerunt.

129 3369 193 3440 Ego
217 3386 252 3425 nc
276 3370 446 3441 Torquatum
469 3369 581 3441 quidem
603 3369 699 3438 illum,
729 3367 778 3440 qui
800 3368 853 3424 hoc
875 3383 1030 3438 cognomen
1052 3364 1168 3434 inuenit,

129 3475 230 3533 iratum
246 3475 381 3532 existimo
409 3476 491 3533 Gallo
514 3476 641 3548 torqu'em
663 3473 814 3531 detraxisse
837 3490 887 3528 nec
908 3474 1073 3530 Marcellum
1095 3471 1167 3544 apud

198 3815 287 3852 auersa
306 3800 334 3865 a)
352 3815 441 3852 euersa
457 3803 509 3851 ΒΡ.
544 3803 728 3862 uehementior,
747 3800 935 3866 uehementior)
952 3801 1127 3850 uehementior
1136 3801 1166 3850 n.

129 3885 172 3936 tn.
192 3886 314 3952 possint)
333 3887 433 3948 possim
458 3888 510 3936 ΒΡ.
547 3885 648 3948 Atque)
675 3888 745 3948 atqui
763 3887 839 3936 neo.
876 3883 976 3950 coepit)
1003 3887 1116 3947 coeperit
1134 3887 1166 3937 0.

130 3971 336 4036 Gladiatorium)
354 3972 521 4032 gladiatorum
540 3970 593 4020 ΡΟ.
637 3969 811 4035 Pacidianus)
829 3971 998 4021 Pacideianus
1016 3971 1046 4021 0.
1086 3967 1167 4035 †su-

129 4057 179 4116 ria)
197 4057 331 4108 surialll’.
357 4053 498 4120 †snra0.
534 4055 824 4120 efferor)eelcror110.
861 4070 892 4107 eo
910 4056 975 4108 teror
992 4057 1022 4106 Ρ.
1057 4055 1098 4106 to.
1117 4055 1166 4118 nt)

128 4153 159 4190 ec
176 4141 230 4190 ΒΡ.
268 4139 424 4204 cogitamen)
446 4141 566 4204 cognonit
582 4153 675 4192 nomon
692 4141 745 4190 lll‘.
