2610 4634
405 282 480 344 cir.
504 285 541 343 ll.
583 298 666 344 cer.
689 281 781 343 5-6.
815 284 824 323 “-
855 282 861 293 “
1083 284 1123 344 55

80 481 201 551 extrahit
221 488 288 546 uitia
310 488 442 546 radicitus
462 495 490 545 et
509 493 656 560 praeparat
676 486 784 543 animos
799 487 834 543 a‘d
852 493 926 544 satus
944 488 1120 560 accipiendos

80 614 172 671 eaque
193 597 306 653 mndrt
327 597 362 653 iis
388 601 433 668 et,
460 594 498 651 ut
511 595 547 652 ita
569 594 677 666 dicam,
699 593 781 665 serit,
809 609 880 664 quae
901 595 994 650 adulta
1015 595 1120 652 fructus

79 705 239 762 uberrimus
261 703 359 760 terant.
402 704 525 773 Agamus
548 701 651 772 igitur,
673 706 705 756 ut
725 700 878 771 coepimus.
921 700 990 776 Dic,
1020 702 1043 758 si
1066 703 1120 774 uis,

80 813 117 870 de
138 829 195 886 quo
217 811 353 882 disputari
374 809 454 866 uelis.
536 816 565 859 '‹s
612 822 623 835 ·

12 893 15 902 ¹
168 916 219 976 14.
252 918 287 974 Δ.
320 917 454 973 Dolorem
488 915 620 972 existimo
644 915 795 971 maximum
823 917 961 972 malorum
988 916 1120 973 omnium.

81 1027 121 1084 hl.
144 1024 273 1081 Etiamne
295 1024 384 1080 maius
411 1039 496 1095 quam
523 1018 667 1079 dedecus?
699 1023 733 1078 Α.
762 1024 826 1078 Nou
853 1024 942 1079 audeo
971 1023 1000 1079 id
1028 1025 1121 1081 dicere

80 1131 207 1205 quidem,
229 1138 257 1189 et
278 1148 323 1187 me
344 1130 430 1202 pudet
450 1135 505 1185 tam
527 1129 581 1185 cito
604 1129 639 1185 de
661 1129 797 1186 sententia
819 1130 1046 1187 essadeiectum.
1080 1132 1121 1188 M.
1178 1138 1180 1142 “

81 1238 173 1311 uagis
195 1244 270 1295 esset
286 1239 461 1310 pudendum,
484 1235 509 1293 si
529 1237 558 1293 'nr
581 1236 714 1292 sententia
735 1252 923 1308 permaneres.
956 1237 1029 1305 Quid
1047 1237 1121 1293 enirn

81 1346 177 1403 minus
198 1351 241 1402 est
261 1345 377 1416 dignum
405 1359 488 1416 quam
518 1343 567 1399 tibi
590 1344 670 1414 puius
693 1343 842 1415 quicquam
862 1342 952 1399 uideri
974 1344 1120 1417 dedecoro,

81 1452 201 1526 llagitio,
235 1452 419 1524 turpitudine,
453 1467 523 1523 quae
556 1456 586 1507 ut
618 1448 752 1521 effugias,
786 1451 849 1522 quis
878 1456 920 1506 est
950 1467 1007 1506 non
1035 1451 1120 1507 modo

81 1560 268 1631 recusandus,
290 1558 340 1614 sed
361 1575 417 1615 non
438 1558 511 1614 ultro
534 1555 723 1629 appetendus,
747 1556 919 1629 subeundus,
942 1556 1120 1628 excipiendus

81 1663 188 1741 dolor?
220 1667 255 1722 Δ.
283 1667 324 1722 lta
346 1681 461 1738 prorsus
484 1664 621 1720 existimo.
666 1663 759 1732 Quare
779 1679 816 1718 nc
837 1663 874 1719 sit
894 1679 960 1720 sane
982 1680 1121 1720 summum
1181 1688 1184 1693 =

80 1774 187 1830 malum
207 1771 306 1846 delur,
335 1774 440 1829 malum
461 1779 535 1828 certe
557 1776 606 1827 est.
628 1817 632 1826 ,
651 1771 692 1828 Μ.
715 1770 837 1827 Uidesne
858 1769 958 1843 igitur,
987 1777 1120 1843 quantum

81 1879 206 1937 breuiter
226 1880 385 1936 admonitus
404 1879 440 1936 de
462 1879 567 1935 doloris
589 1884 696 1935 terrore
719 1873 879 1933 deieceris?
903 1874 952 1935 15.
973 1878 1008 1934 A.
1031 1879 1119 1936 Uideo

80 1989 175 2061 plane,
197 1988 246 2043 sed
267 1988 332 2059 plus
354 1985 493 2043 desidero.
547 1987 586 2044 M.
608 1983 745 2056 Experiar
767 1983 914 2057 equidem;
947 1985 997 2041 sed
1019 2000 1120 2056 magna

81 2100 127 2151 rds
149 2100 201 2166 ast,
223 2093 376 2167 animoqud
393 2093 462 2149 mihi
484 2109 555 2165 opus
577 2098 697 2149 estnon
718 2096 899 2162 repugnante.
936 2092 971 2148 Α.
993 2092 1119 2149 Habebis

80 2201 110 2259 id
131 2201 254 2279 quidem.
292 2202 328 2259 Ut
350 2199 424 2258 enim
446 2199 506 2264 heri
529 2199 592 2274 leci,
615 2197 655 2255 sic
676 2215 750 2255 nunc
771 2197 919 2270 rationem,
941 2214 999 2270 quo
1020 2215 1052 2254 ca
1075 2215 1120 2256 me

81 2310 306 2383 cunqud'ducet,
328 2324 438 2382 sequar.

66 2452 70 2459 -
142 2416 216 2472 ‘Vh
249 2415 289 2473 hl.
317 2415 442 2471 Primum
468 2413 553 2485 igitur
580 2414 615 2470 da
637 2412 825 2470 imbecillitate
854 2414 1006 2469 multorum
1032 2419 1060 2470 et
1083 2416 1118 2470 da

78 2521 166 2603 uariis
194 2521 349 2595 disciplinis
376 2521 608 2593 philosophorum
634 2522 748 2593 loquar.
777 2537 898 2592 quorum
930 2519 1059 2592 princeps
1092 2527 1120 2577 et
1181 2564 1188 2573 .

50 2703 53 2707 ι
79 2629 240 2686 auctoritate
261 2635 289 2685 ct
310 2626 487 2700 antiquitate,
516 2628 672 2683 Socraticus
700 2627 875 2699 Aristippus,
904 2642 961 2680 non
983 2627 1119 2683 dubitauit

71 2732 220 2794 hminum
244 2737 350 2792 malum
378 2735 505 2791 dolorem
531 2733 632 2790 dicere
681 2733 790 2789 Deinde
811 2733 846 2789 ad
869 2732 939 2788 hanc
960 2739 1118 2789 cnernatnm

80 2843 301 2916 muliebremque
329 2841 493 2898 sententiam
519 2841 584 2897 satis
612 2839 732 2896 docilem
760 2857 791 2896 se
816 2839 955 2912 Epicurus
982 2841 1118 2911 praebuit

78 2950 165 3008 Hunc
185 2957 250 3023 post
270 2949 395 3006 Rhodius
418 2947 607 3022 Hieronymus
624 2964 723 3004 uacare
745 2948 843 3004 dolore
861 2958 999 3004 summum
1011 2948 1118 3004 bonnm

78 3058 165 3131 dixit3
197 3063 302 3114 tantum
322 3056 351 3112 in
374 3055 472 3111 dolore
495 3054 573 3112 duxit
599 3054 674 3110 mali.
720 3053 811 3110 Ceteri
835 3061 946 3125 praeter
968 3056 1118 3125 Zenonem,

78 3164 248 3236 Aristonem,
270 3163 446 3236 Pyrrhonem
469 3160 543 3218 idem
566 3161 634 3234 lere,
658 3162 733 3233 quod
755 3162 839 3218 modo
861 3167 901 3236 tu,
923 3158 1027 3219 malum
1049 3163 1118 3219 illud

78 3272 209 3345 quidem,
238 3269 363 3328 sedulia
391 3268 497 3341 peiora.
549 3265 604 3326 16.·
620 3269 698 3339 Ergo
719 3269 766 3342 id,
794 3270 870 3340 quod
892 3274 989 3325 natura
1009 3269 1069 3341 ipsa
1092 3277 1118 3325 et

80 3358 218 3452 quaedam
239 3393 374 3448 generosa
395 3375 483 3432 uirtus
505 3373 596 3431 statim
618 3376 740 3448 respuit,
772 3393 807 3431 ue
831 3377 1117 3432 doloremsummum
1149 3446 1156 3454 ἰ

77 3486 184 3542 malim
204 3484 311 3540 diceres
334 3482 519 3555 oppositoque
541 3482 677 3537 dedecore
708 3482 842 3538 sententia
870 3476 1058 3552 depellerere,
1088 3480 1116 3535 in

77 3609 113 3650 eo
134 3591 266 3663 magistra
286 3591 360 3648 uitae
380 3587 556 3662 philosophia
579 3593 619 3644 tot
639 3590 748 3644 saecula
769 3592 920 3659 permanet.
952 3586 1034 3654 Quod
1053 3587 1117 3642 hnic

77 3699 220 3772 officium,
243 3714 313 3771 quae
335 3699 412 3770 laus,
435 3695 511 3769 quud
532 3695 617 3751 decus
639 3694 692 3751 erit
713 3693 796 3768 tanti,
819 3694 894 3767 quod
916 3693 1029 3766 adipisci
1053 3688 1138 3748 cum‘
1235 3723 1244 3732 -

144 3892 265 3957 mandat)
285 3896 392 3945 mundat
408 3895 440 3944 ll.
485 3891 526 3944 14.
545 3900 614 3944 esset
631 3893 793 3958 pudendum)
810 3905 866 3942 esse
884 3907 909 3954 p.
927 3893 959 3942 ll.
997 3891 1036 3941 lb.
1055 3892 1117 3942 Arl-

75 3978 188 4040 suppus)
205 3977 354 4040 Aristiphus
368 3981 399 4028 ll.
433 3979 620 4043 hieronymus)
636 3979 777 4028 Hieronim.
797 3978 827 4026 ll.
866 3977 1035 4041 Pyrrhonem)
1052 3978 1117 4037 l‘yr-

74 4076 164 4112 ronem
183 4063 215 4112 11.
254 4062 292 4110 16.
312 4077 344 4114 ne
362 4063 486 4129 dolorum)
505 4077 536 4114 nc
554 4076 583 4114 se
600 4064 650 4115 dol.
664 4063 696 4112 ll.
731 4061 845 4126 diceres)
861 4061 988 4114 dicerell.
1025 4060 1116 4122 depol-

73 4144 168 4213 lerare)
186 4147 313 4209 depellere
331 4150 362 4202 R.
