<?xml version="1.0" encoding="UTF-8"?>
<!DOCTYPE html PUBLIC "-//W3C//DTD XHTML 1.0 Transitional//EN"
    "http://www.w3.org/TR/xhtml1/DTD/xhtml1-transitional.dtd">
<html xmlns="http://www.w3.org/1999/xhtml" xml:lang="en" lang="en">
 <head>
  <title>
</title>
<meta http-equiv="Content-Type" content="text/html;charset=utf-8" />
  <meta name='ocr-system' content='tesseract 3.04.00' />
  <meta name='ocr-capabilities' content='ocr_page ocr_carea ocr_par ocr_line ocrx_word'/>
</head>
<body>
  <div class='ocr_page' id='page_1' title='image "./tusculanarumdis00treggoog_0032.png"; bbox 0 0 2610 4634; ppageno 0'>
   <div class='ocr_carea' id='block_1_1' title="bbox 311 980 920 1060">
    <p class='ocr_par' dir='ltr' id='par_1_1' title="bbox 311 980 920 1060">
     <span class='ocr_line' id='line_1_1' title="bbox 311 980 920 1060; baseline -0.005 0"><span class='ocrx_word' id='word_1_1' title='bbox 311 984 365 1060; x_wconf 87' lang='grc' dir='ltr'>Μ.</span> <span class='ocrx_word' id='word_1_2' title='bbox 385 982 567 1056; x_wconf 80' lang='lat' dir='ltr'>TULLI</span> <span class='ocrx_word' id='word_1_3' title='bbox 597 980 920 1058; x_wconf 80' lang='lat' dir='ltr'>CICERONIS</span> 
     </span>
    </p>
   </div>
   <div class='ocr_carea' id='block_1_2' title="bbox 134 1215 1108 1339">
    <p class='ocr_par' dir='ltr' id='par_1_2' title="bbox 134 1215 1108 1339">
     <span class='ocr_line' id='line_1_2' title="bbox 134 1215 1108 1339; baseline -0.004 0"><span class='ocrx_word' id='word_1_4' title='bbox 134 1215 591 1339; x_wconf 80' lang='lat' dir='ltr'>&#39;llllllllllllllllll</span> <span class='ocrx_word' id='word_1_5' title='bbox 640 1216 1108 1335; x_wconf 81' lang='lat' dir='ltr'>lllltlllltltll</span> 
     </span>
    </p>
   </div>
   <div class='ocr_carea' id='block_1_3' title="bbox 473 1476 755 1535">
    <p class='ocr_par' dir='ltr' id='par_1_3' title="bbox 473 1476 755 1535">
     <span class='ocr_line' id='line_1_3' title="bbox 473 1476 755 1535; baseline 0.004 -4"><span class='ocrx_word' id='word_1_6' title='bbox 473 1476 585 1534; x_wconf 84' lang='lat' dir='ltr'>LIBER</span> <span class='ocrx_word' id='word_1_7' title='bbox 607 1476 755 1535; x_wconf 84' lang='lat' dir='ltr'>PRIMUS.</span> 
     </span>
    </p>
   </div>
   <div class='ocr_carea' id='block_1_4' title="bbox 252 1692 981 1766">
    <p class='ocr_par' dir='ltr' id='par_1_4' title="bbox 252 1692 981 1766">
     <span class='ocr_line' id='line_1_4' title="bbox 252 1692 981 1766; baseline -0.003 0"><span class='ocrx_word' id='word_1_8' title='bbox 252 1698 319 1765; x_wconf 84' lang='lat' dir='ltr'>DE</span> <span class='ocrx_word' id='word_1_9' title='bbox 362 1692 757 1766; x_wconf 83' lang='lat' dir='ltr'><strong>CONTEMNENDA</strong></span> <span class='ocrx_word' id='word_1_10' title='bbox 790 1694 981 1764; x_wconf 87' lang='lat' dir='ltr'>MORTE.</span> 
     </span>
    </p>
   </div>
   <div class='ocr_carea' id='block_1_5' title="bbox 90 1994 1138 3927">
    <p class='ocr_par' dir='ltr' id='par_1_5' title="bbox 92 1994 1138 3605">
     <span class='ocr_line' id='line_1_5' title="bbox 99 1994 1133 2116; baseline 0 -24"><span class='ocrx_word' id='word_1_11' title='bbox 99 2037 121 2092; x_wconf 89' lang='lat' dir='ltr'>l.</span> <span class='ocrx_word' id='word_1_12' title='bbox 146 2034 173 2092; x_wconf 90' lang='lat' dir='ltr'>l.</span> <span class='ocrx_word' id='word_1_13' title='bbox 197 1994 316 2116; x_wconf 70' lang='lat' dir='ltr'>Quum</span> <span class='ocrx_word' id='word_1_14' title='bbox 349 2033 544 2089; x_wconf 80' lang='lat' dir='ltr'>defensionum</span> <span class='ocrx_word' id='word_1_15' title='bbox 572 2032 715 2089; x_wconf 83' lang='lat' dir='ltr'><strong>laboribus</strong></span> <span class='ocrx_word' id='word_1_16' title='bbox 738 2032 940 2105; x_wconf 79' lang='lat' dir='ltr'>senatoriisque</span> <span class='ocrx_word' id='word_1_17' title='bbox 971 2035 1133 2093; x_wconf 86' lang='lat' dir='ltr'>munerihus</span> 
     </span>
     <span class='ocr_line' id='line_1_6' title="bbox 97 2140 1134 2214; baseline -0.001 -14"><span class='ocrx_word' id='word_1_18' title='bbox 97 2150 144 2201; x_wconf 90' lang='lat' dir='ltr'>aut</span> <span class='ocrx_word' id='word_1_19' title='bbox 165 2142 278 2199; x_wconf 90' lang='lat' dir='ltr'>omnino</span> <span class='ocrx_word' id='word_1_20' title='bbox 294 2148 340 2198; x_wconf 89' lang='lat' dir='ltr'>aut</span> <span class='ocrx_word' id='word_1_21' title='bbox 357 2158 457 2212; x_wconf 82' lang='lat' dir='ltr'>magna</span> <span class='ocrx_word' id='word_1_22' title='bbox 474 2159 508 2196; x_wconf 85' lang='lat' dir='ltr'>cx</span> <span class='ocrx_word' id='word_1_23' title='bbox 530 2147 608 2212; x_wconf 90' lang='lat' dir='ltr'>parte</span> <span class='ocrx_word' id='word_1_24' title='bbox 630 2157 721 2196; x_wconf 73' lang='lat' dir='ltr'>essum</span> <span class='ocrx_word' id='word_1_25' title='bbox 742 2141 890 2214; x_wconf 90' lang='lat' dir='ltr'>aliquando</span> <span class='ocrx_word' id='word_1_26' title='bbox 912 2140 1054 2214; x_wconf 86' lang='lat' dir='ltr'>liberatus,</span> <span class='ocrx_word' id='word_1_27' title='bbox 1078 2149 1134 2200; x_wconf 88' lang='lat' dir='ltr'>ret-</span> 
     </span>
     <span class='ocr_line' id='line_1_7' title="bbox 96 2247 1134 2321; baseline 0.001 -15"><span class='ocrx_word' id='word_1_28' title='bbox 96 2249 147 2306; x_wconf 92' lang='lat' dir='ltr'>tuli</span> <span class='ocrx_word' id='word_1_29' title='bbox 170 2267 226 2320; x_wconf 91' lang='lat' dir='ltr'>me,</span> <span class='ocrx_word' id='word_1_30' title='bbox 243 2250 338 2316; x_wconf 80' lang='lat' dir='ltr'>Brute,</span> <span class='ocrx_word' id='word_1_31' title='bbox 362 2255 389 2304; x_wconf 90' lang='lat' dir='ltr'>te</span> <span class='ocrx_word' id='word_1_32' title='bbox 412 2249 537 2304; x_wconf 82' lang='lat' dir='ltr'><strong>hortante</strong></span> <span class='ocrx_word' id='word_1_33' title='bbox 560 2247 679 2304; x_wconf 83' lang='lat' dir='ltr'>maxime</span> <span class='ocrx_word' id='word_1_34' title='bbox 701 2249 735 2304; x_wconf 93' lang='lat' dir='ltr'>ad</span> <span class='ocrx_word' id='word_1_35' title='bbox 757 2249 913 2320; x_wconf 79' lang='lat' dir='ltr'>custodia,</span> <span class='ocrx_word' id='word_1_36' title='bbox 938 2266 1007 2321; x_wconf 90' lang='lat' dir='ltr'>quae</span> <span class='ocrx_word' id='word_1_37' title='bbox 1029 2256 1134 2308; x_wconf 88' lang='lat' dir='ltr'>retenta</span> 
     </span>
     <span class='ocr_line' id='line_1_8' title="bbox 98 2356 1133 2431; baseline 0 -17"><span class='ocrx_word' id='word_1_38' title='bbox 98 2357 202 2430; x_wconf 88' lang='lat' dir='ltr'>animo,</span> <span class='ocrx_word' id='word_1_39' title='bbox 225 2356 341 2413; x_wconf 88' lang='lat' dir='ltr'>remissa</span> <span class='ocrx_word' id='word_1_40' title='bbox 362 2356 544 2429; x_wconf 79' lang='lat' dir='ltr'><strong>temporibus,</strong></span> <span class='ocrx_word' id='word_1_41' title='bbox 563 2356 647 2426; x_wconf 81' lang='lat' dir='ltr'>longo</span> <span class='ocrx_word' id='word_1_42' title='bbox 665 2356 810 2414; x_wconf 87' lang='lat' dir='ltr'>interuallo</span> <span class='ocrx_word' id='word_1_43' title='bbox 827 2356 981 2413; x_wconf 90' lang='lat' dir='ltr'>intermissa</span> <span class='ocrx_word' id='word_1_44' title='bbox 993 2358 1133 2431; x_wconf 75' lang='lat' dir='ltr'>reuocaui3</span> 
     </span>
     <span class='ocr_line' id='line_1_9' title="bbox 98 2434 1131 2537; baseline 0.001 -16"><span class='ocrx_word' id='word_1_45' title='bbox 98 2471 124 2521; x_wconf 85' lang='lat' dir='ltr'>et</span> <span class='ocrx_word' id='word_1_46' title='bbox 146 2481 233 2537; x_wconf 90' lang='lat' dir='ltr'>quum</span> <span class='ocrx_word' id='word_1_47' title='bbox 256 2462 380 2520; x_wconf 91' lang='lat' dir='ltr'>omnium</span> <span class='ocrx_word' id='word_1_48' title='bbox 406 2462 522 2536; x_wconf 87' lang='lat' dir='ltr'>artium,</span> <span class='ocrx_word' id='word_1_49' title='bbox 553 2480 624 2535; x_wconf 82' lang='lat' dir='ltr'>quae</span> <span class='ocrx_word' id='word_1_50' title='bbox 647 2464 681 2518; x_wconf 90' lang='lat' dir='ltr'>ad</span> <span class='ocrx_word' id='word_1_51' title='bbox 709 2471 810 2520; x_wconf 91' lang='lat' dir='ltr'>rectam</span> <span class='ocrx_word' id='word_1_52' title='bbox 832 2434 945 2520; x_wconf 85' lang='lat' dir='ltr'>uiuendi</span> <span class='ocrx_word' id='word_1_53' title='bbox 972 2464 1046 2519; x_wconf 89' lang='lat' dir='ltr'>uiam</span> <span class='ocrx_word' id='word_1_54' title='bbox 1068 2483 1131 2537; x_wconf 90' lang='lat' dir='ltr'>per-</span> 
     </span>
     <span class='ocr_line' id='line_1_10' title="bbox 96 2569 1132 2643; baseline 0.001 -16"><span class='ocrx_word' id='word_1_55' title='bbox 96 2572 228 2641; x_wconf 88' lang='lat' dir='ltr'>tinerent,</span> <span class='ocrx_word' id='word_1_56' title='bbox 252 2570 322 2627; x_wconf 90' lang='lat' dir='ltr'>ratio</span> <span class='ocrx_word' id='word_1_57' title='bbox 344 2576 371 2626; x_wconf 91' lang='lat' dir='ltr'>et</span> <span class='ocrx_word' id='word_1_58' title='bbox 393 2569 539 2642; x_wconf 82' lang='lat' dir='ltr'>disciplina</span> <span class='ocrx_word' id='word_1_59' title='bbox 560 2570 651 2625; x_wconf 90' lang='lat' dir='ltr'>studio</span> <span class='ocrx_word' id='word_1_60' title='bbox 674 2570 840 2642; x_wconf 83' lang='lat' dir='ltr'>sapientiae,</span> <span class='ocrx_word' id='word_1_61' title='bbox 863 2587 933 2642; x_wconf 90' lang='lat' dir='ltr'>quae</span> <span class='ocrx_word' id='word_1_62' title='bbox 955 2570 1132 2643; x_wconf 82' lang='lat' dir='ltr'>philosophia</span> 
     </span>
     <span class='ocr_line' id='line_1_11' title="bbox 96 2676 1131 2751; baseline 0 -17"><span class='ocrx_word' id='word_1_63' title='bbox 96 2678 205 2751; x_wconf 87' lang='lat' dir='ltr'>dicitur,</span> <span class='ocrx_word' id='word_1_64' title='bbox 229 2677 430 2750; x_wconf 78' lang='lat' dir='ltr'>contineretur,</span> <span class='ocrx_word' id='word_1_65' title='bbox 453 2677 507 2734; x_wconf 93' lang='lat' dir='ltr'>hoc</span> <span class='ocrx_word' id='word_1_66' title='bbox 527 2677 595 2732; x_wconf 93' lang='lat' dir='ltr'>mihi</span> <span class='ocrx_word' id='word_1_67' title='bbox 620 2676 721 2732; x_wconf 81' lang='lat' dir='ltr'>latinis</span> <span class='ocrx_word' id='word_1_68' title='bbox 744 2676 842 2733; x_wconf 89' lang='lat' dir='ltr'>litteris</span> <span class='ocrx_word' id='word_1_69' title='bbox 863 2677 1057 2733; x_wconf 88' lang='lat' dir='ltr'>illustrandum</span> <span class='ocrx_word' id='word_1_70' title='bbox 1079 2695 1131 2751; x_wconf 95' lang='lat' dir='ltr'>pu-</span> 
     </span>
     <span class='ocr_line' id='line_1_12' title="bbox 94 2783 1131 2858; baseline 0 -16"><span class='ocrx_word' id='word_1_71' title='bbox 94 2785 166 2858; x_wconf 81' lang='lat' dir='ltr'>taui3</span> <span class='ocrx_word' id='word_1_72' title='bbox 200 2802 256 2841; x_wconf 93' lang='lat' dir='ltr'>non</span> <span class='ocrx_word' id='word_1_73' title='bbox 289 2784 355 2857; x_wconf 86' lang='lat' dir='ltr'>quia</span> <span class='ocrx_word' id='word_1_74' title='bbox 386 2784 563 2856; x_wconf 90' lang='lat' dir='ltr'>philosophia</span> <span class='ocrx_word' id='word_1_75' title='bbox 597 2783 710 2841; x_wconf 90' lang='lat' dir='ltr'>Graecis</span> <span class='ocrx_word' id='word_1_76' title='bbox 739 2790 766 2839; x_wconf 91' lang='lat' dir='ltr'>et</span> <span class='ocrx_word' id='word_1_77' title='bbox 792 2783 888 2839; x_wconf 88' lang='lat' dir='ltr'>litteris</span> <span class='ocrx_word' id='word_1_78' title='bbox 917 2790 944 2839; x_wconf 86' lang='lat' dir='ltr'>et</span> <span class='ocrx_word' id='word_1_79' title='bbox 972 2785 1131 2843; x_wconf 87' lang='lat' dir='ltr'>doctoribus</span> 
     </span>
     <span class='ocr_line' id='line_1_13' title="bbox 94 2878 1138 2965; baseline 0.002 -16"><span class='ocrx_word' id='word_1_80' title='bbox 94 2891 202 2965; x_wconf 84' lang='lat' dir='ltr'>percipi</span> <span class='ocrx_word' id='word_1_81' title='bbox 223 2908 280 2948; x_wconf 93' lang='lat' dir='ltr'>non</span> <span class='ocrx_word' id='word_1_82' title='bbox 307 2898 416 2965; x_wconf 83' lang='lat' dir='ltr'>posset3</span> <span class='ocrx_word' id='word_1_83' title='bbox 446 2894 495 2948; x_wconf 89' lang='lat' dir='ltr'>sed</span> <span class='ocrx_word' id='word_1_84' title='bbox 525 2909 618 2947; x_wconf 88' lang='lat' dir='ltr'>meum</span> <span class='ocrx_word' id='word_1_85' title='bbox 650 2908 760 2963; x_wconf 88' lang='lat' dir='ltr'>semper</span> <span class='ocrx_word' id='word_1_86' title='bbox 791 2890 923 2947; x_wconf 89' lang='lat' dir='ltr'>iudicium</span> <span class='ocrx_word' id='word_1_87' title='bbox 955 2892 1007 2948; x_wconf 88' lang='lat' dir='ltr'>luit</span> <span class='ocrx_word' id='word_1_88' title='bbox 1038 2878 1138 2952; x_wconf 81' lang='lat' dir='ltr'>omnia¹</span> 
     </span>
     <span class='ocr_line' id='line_1_14' title="bbox 93 2997 1130 3071; baseline 0.004 -17"><span class='ocrx_word' id='word_1_89' title='bbox 93 3004 205 3055; x_wconf 90' lang='lat' dir='ltr'>nostros</span> <span class='ocrx_word' id='word_1_90' title='bbox 228 3003 275 3054; x_wconf 89' lang='lat' dir='ltr'>aut</span> <span class='ocrx_word' id='word_1_91' title='bbox 296 2998 437 3055; x_wconf 90' lang='lat' dir='ltr'>inuenisse</span> <span class='ocrx_word' id='word_1_92' title='bbox 459 3014 561 3071; x_wconf 89' lang='lat' dir='ltr'>perse</span> <span class='ocrx_word' id='word_1_93' title='bbox 591 2997 741 3070; x_wconf 92' lang='lat' dir='ltr'>sapientius</span> <span class='ocrx_word' id='word_1_94' title='bbox 768 3014 851 3069; x_wconf 91' lang='lat' dir='ltr'>quam</span> <span class='ocrx_word' id='word_1_95' title='bbox 873 2998 995 3056; x_wconf 87' lang='lat' dir='ltr'>Graecos</span> <span class='ocrx_word' id='word_1_96' title='bbox 1016 3007 1063 3058; x_wconf 89' lang='lat' dir='ltr'>aut</span> <span class='ocrx_word' id='word_1_97' title='bbox 1083 3017 1130 3058; x_wconf 92' lang='lat' dir='ltr'>ac-</span> 
     </span>
     <span class='ocr_line' id='line_1_15' title="bbox 94 3104 1130 3182; baseline 0.001 -21"><span class='ocrx_word' id='word_1_98' title='bbox 94 3111 173 3176; x_wconf 87' lang='lat' dir='ltr'>cepta</span> <span class='ocrx_word' id='word_1_99' title='bbox 202 3104 314 3161; x_wconf 89' lang='lat' dir='ltr'>abillis</span> <span class='ocrx_word' id='word_1_100' title='bbox 337 3104 437 3161; x_wconf 83' lang='lat' dir='ltr'>secisse</span> <span class='ocrx_word' id='word_1_101' title='bbox 462 3105 593 3179; x_wconf 84' lang='lat' dir='ltr'>meliora,</span> <span class='ocrx_word' id='word_1_102' title='bbox 624 3122 694 3179; x_wconf 90' lang='lat' dir='ltr'>quae</span> <span class='ocrx_word' id='word_1_103' title='bbox 722 3105 836 3177; x_wconf 90' lang='lat' dir='ltr'>quidem</span> <span class='ocrx_word' id='word_1_104' title='bbox 858 3105 940 3178; x_wconf 79' lang='lat' dir='ltr'>digna</span> <span class='ocrx_word' id='word_1_105' title='bbox 962 3107 1130 3182; x_wconf 86' lang='lat' dir='ltr'>statuissent,</span> 
     </span>
     <span class='ocr_line' id='line_1_16' title="bbox 93 3211 1129 3288; baseline 0.003 -20"><span class='ocrx_word' id='word_1_106' title='bbox 93 3211 121 3268; x_wconf 91' lang='lat' dir='ltr'>in</span> <span class='ocrx_word' id='word_1_107' title='bbox 144 3211 247 3283; x_wconf 89' lang='lat' dir='ltr'>quibus</span> <span class='ocrx_word' id='word_1_108' title='bbox 269 3213 452 3269; x_wconf 84' lang='lat' dir='ltr'>elaborarent</span> <span class='ocrx_word' id='word_1_109' title='bbox 484 3211 514 3270; x_wconf 76' lang='lat'>2.</span> <span class='ocrx_word' id='word_1_110' title='bbox 537 3212 608 3269; x_wconf 93' lang='lat' dir='ltr'>Nam</span> <span class='ocrx_word' id='word_1_111' title='bbox 630 3228 721 3268; x_wconf 90' lang='lat' dir='ltr'>mores</span> <span class='ocrx_word' id='word_1_112' title='bbox 744 3219 771 3268; x_wconf 89' lang='lat' dir='ltr'>ct</span> <span class='ocrx_word' id='word_1_113' title='bbox 792 3213 912 3270; x_wconf 85' lang='lat' dir='ltr'>instituta</span> <span class='ocrx_word' id='word_1_114' title='bbox 934 3214 1006 3270; x_wconf 89' lang='lat' dir='ltr'>uitae</span> <span class='ocrx_word' id='word_1_115' title='bbox 1027 3232 1129 3288; x_wconf 85' lang='lat' dir='ltr'>resque</span> 
     </span>
     <span class='ocr_line' id='line_1_17' title="bbox 93 3314 1129 3390; baseline 0.005 -17"><span class='ocrx_word' id='word_1_116' title='bbox 93 3317 258 3374; x_wconf 83' lang='lat' dir='ltr'>domesticas</span> <span class='ocrx_word' id='word_1_117' title='bbox 279 3333 311 3373; x_wconf 92' lang='lat' dir='ltr'>ac</span> <span class='ocrx_word' id='word_1_118' title='bbox 333 3314 482 3375; x_wconf 80' lang='lat' dir='ltr'>familiares</span> <span class='ocrx_word' id='word_1_119' title='bbox 499 3335 550 3375; x_wconf 85' lang='lat' dir='ltr'>nos</span> <span class='ocrx_word' id='word_1_120' title='bbox 572 3318 697 3390; x_wconf 87' lang='lat' dir='ltr'>proiecto</span> <span class='ocrx_word' id='word_1_121' title='bbox 720 3327 748 3376; x_wconf 88' lang='lat' dir='ltr'>et</span> <span class='ocrx_word' id='word_1_122' title='bbox 769 3321 868 3376; x_wconf 89' lang='lat' dir='ltr'>melius</span> <span class='ocrx_word' id='word_1_123' title='bbox 890 3327 1000 3378; x_wconf 88' lang='lat' dir='ltr'>tuemur</span> <span class='ocrx_word' id='word_1_124' title='bbox 1020 3328 1048 3377; x_wconf 86' lang='lat' dir='ltr'>ct</span> <span class='ocrx_word' id='word_1_125' title='bbox 1068 3323 1129 3378; x_wconf 91' lang='lat' dir='ltr'>lau·</span> 
     </span>
     <span class='ocr_line' id='line_1_18' title="bbox 92 3423 1127 3497; baseline -0.005 -15"><span class='ocrx_word' id='word_1_126' title='bbox 92 3424 163 3497; x_wconf 82' lang='lat' dir='ltr'>tius3</span> <span class='ocrx_word' id='word_1_127' title='bbox 194 3442 254 3481; x_wconf 89' lang='lat' dir='ltr'>rem</span> <span class='ocrx_word' id='word_1_128' title='bbox 275 3441 343 3481; x_wconf 89' lang='lat' dir='ltr'>uero</span> <span class='ocrx_word' id='word_1_129' title='bbox 364 3425 504 3497; x_wconf 90' lang='lat' dir='ltr'>publicam</span> <span class='ocrx_word' id='word_1_130' title='bbox 527 3425 612 3481; x_wconf 91' lang='lat' dir='ltr'>nostri</span> <span class='ocrx_word' id='word_1_131' title='bbox 635 3426 754 3484; x_wconf 89' lang='lat' dir='ltr'>maiores</span> <span class='ocrx_word' id='word_1_132' title='bbox 776 3434 849 3483; x_wconf 88' lang='lat' dir='ltr'>certe</span> <span class='ocrx_word' id='word_1_133' title='bbox 871 3423 1033 3482; x_wconf 88' lang='lat' dir='ltr'>melioribus</span> <span class='ocrx_word' id='word_1_134' title='bbox 1056 3429 1127 3478; x_wconf 84' lang='lat' dir='ltr'>tem·</span> 
     </span>
     <span class='ocr_line' id='line_1_19' title="bbox 92 3528 1112 3605; baseline -0.005 -17"><span class='ocrx_word' id='word_1_135' title='bbox 92 3538 259 3604; x_wconf 87' lang='lat' dir='ltr'>perauemnt</span> <span class='ocrx_word' id='word_1_136' title='bbox 280 3537 308 3588; x_wconf 88' lang='lat' dir='ltr'>ct</span> <span class='ocrx_word' id='word_1_137' title='bbox 333 3531 464 3588; x_wconf 87' lang='lat' dir='ltr'>institutis</span> <span class='ocrx_word' id='word_1_138' title='bbox 496 3538 523 3588; x_wconf 90' lang='lat' dir='ltr'>et</span> <span class='ocrx_word' id='word_1_139' title='bbox 551 3531 670 3603; x_wconf 78' lang='lat' dir='ltr'>legibus.</span> <span class='ocrx_word' id='word_1_140' title='bbox 714 3533 788 3600; x_wconf 86' lang='lat' dir='ltr'>Quid</span> <span class='ocrx_word' id='word_1_141' title='bbox 816 3535 915 3605; x_wconf 84' lang='lat' dir='ltr'>loquar</span> <span class='ocrx_word' id='word_1_142' title='bbox 943 3530 977 3586; x_wconf 90' lang='lat' dir='ltr'>de</span> <span class='ocrx_word' id='word_1_143' title='bbox 999 3546 1029 3584; x_wconf 88' lang='lat' dir='ltr'>rc</span> <span class='ocrx_word' id='word_1_144' title='bbox 1051 3528 1112 3584; x_wconf 90' lang='lat' dir='ltr'>mili</span> 
     </span>
    </p>

    <p class='ocr_par' dir='ltr' id='par_1_6' title="bbox 90 3636 1127 3927">
     <span class='ocr_line' id='line_1_20' title="bbox 92 3636 1126 3712; baseline -0.002 -18"><span class='ocrx_word' id='word_1_145' title='bbox 92 3638 160 3712; x_wconf 84' lang='lat' dir='ltr'>tari,</span> <span class='ocrx_word' id='word_1_146' title='bbox 183 3638 212 3694; x_wconf 92' lang='lat' dir='ltr'>in</span> <span class='ocrx_word' id='word_1_147' title='bbox 234 3655 289 3712; x_wconf 87' lang='lat' dir='ltr'>qua</span> <span class='ocrx_word' id='word_1_148' title='bbox 311 3654 397 3711; x_wconf 89' lang='lat' dir='ltr'>quum</span> <span class='ocrx_word' id='word_1_149' title='bbox 419 3638 519 3695; x_wconf 86' lang='lat' dir='ltr'>uirtute</span> <span class='ocrx_word' id='word_1_150' title='bbox 549 3638 637 3696; x_wconf 88' lang='lat' dir='ltr'>nostri</span> <span class='ocrx_word' id='word_1_151' title='bbox 660 3640 777 3695; x_wconf 91' lang='lat' dir='ltr'>multum</span> <span class='ocrx_word' id='word_1_152' title='bbox 799 3641 960 3710; x_wconf 88' lang='lat' dir='ltr'>ualuerunt,</span> <span class='ocrx_word' id='word_1_153' title='bbox 983 3643 1041 3692; x_wconf 90' lang='lat' dir='ltr'>tum</span> <span class='ocrx_word' id='word_1_154' title='bbox 1062 3636 1126 3708; x_wconf 91' lang='lat' dir='ltr'>plus</span> 
     </span>
     <span class='ocr_line' id='line_1_21' title="bbox 91 3744 1127 3819; baseline 0.003 -18"><span class='ocrx_word' id='word_1_155' title='bbox 91 3745 173 3802; x_wconf 88' lang='lat' dir='ltr'>etiam</span> <span class='ocrx_word' id='word_1_156' title='bbox 196 3745 352 3817; x_wconf 88' lang='lat' dir='ltr'>disciplina.</span> <span class='ocrx_word' id='word_1_157' title='bbox 395 3745 533 3819; x_wconf 74' lang='lat' dir='ltr'>lamina,</span> <span class='ocrx_word' id='word_1_158' title='bbox 556 3763 627 3819; x_wconf 86' lang='lat' dir='ltr'>quae</span> <span class='ocrx_word' id='word_1_159' title='bbox 655 3752 766 3818; x_wconf 86' lang='lat' dir='ltr'>natura,</span> <span class='ocrx_word' id='word_1_160' title='bbox 800 3761 857 3801; x_wconf 93' lang='lat' dir='ltr'>non</span> <span class='ocrx_word' id='word_1_161' title='bbox 883 3744 981 3803; x_wconf 86' lang='lat' dir='ltr'>litteris</span> <span class='ocrx_word' id='word_1_162' title='bbox 1007 3744 1127 3804; x_wconf 88' lang='lat' dir='ltr'>assecuti</span> 
     </span>
     <span class='ocr_line' id='line_1_22' title="bbox 90 3849 1125 3927; baseline -0.002 -19"><span class='ocrx_word' id='word_1_163' title='bbox 90 3858 172 3927; x_wconf 90' lang='lat' dir='ltr'>suut,</span> <span class='ocrx_word' id='word_1_164' title='bbox 202 3869 292 3926; x_wconf 90' lang='lat' dir='ltr'>neque</span> <span class='ocrx_word' id='word_1_165' title='bbox 320 3869 384 3909; x_wconf 92' lang='lat' dir='ltr'>cum</span> <span class='ocrx_word' id='word_1_166' title='bbox 412 3852 527 3909; x_wconf 85' lang='lat' dir='ltr'>Graecia</span> <span class='ocrx_word' id='word_1_167' title='bbox 555 3869 647 3926; x_wconf 86' lang='lat' dir='ltr'>neque</span> <span class='ocrx_word' id='word_1_168' title='bbox 675 3853 733 3909; x_wconf 93' lang='lat' dir='ltr'>ulla</span> <span class='ocrx_word' id='word_1_169' title='bbox 755 3869 819 3909; x_wconf 92' lang='lat' dir='ltr'>cum</span> <span class='ocrx_word' id='word_1_170' title='bbox 841 3857 922 3923; x_wconf 81' lang='lat' dir='ltr'>gente</span> <span class='ocrx_word' id='word_1_171' title='bbox 944 3857 1008 3908; x_wconf 88' lang='lat' dir='ltr'>suut</span> <span class='ocrx_word' id='word_1_172' title='bbox 1030 3849 1125 3908; x_wconf 81' lang='lat' dir='ltr'>conse·</span> 
     </span>
    </p>
   </div>
   <div class='ocr_carea' id='block_1_6' title="bbox 358 4064 864 4119">
    <p class='ocr_par' dir='ltr' id='par_1_7' title="bbox 358 4064 864 4119">
     <span class='ocr_line' id='line_1_23' title="bbox 358 4064 864 4119; baseline -0.004 -3"><span class='ocrx_word' id='word_1_173' title='bbox 358 4064 566 4119; x_wconf 72' lang='lat' dir='ltr'>uantum</span> <span class='ocrx_word' id='word_1_174' title='bbox 596 4065 864 4117; x_wconf 76' lang='lat' dir='ltr'>SCRIPTURAE.</span> 
     </span>
    </p>
   </div>
   <div class='ocr_carea' id='block_1_7' title="bbox 157 4142 1007 4317">
    <p class='ocr_par' dir='ltr' id='par_1_8' title="bbox 157 4142 1007 4317">
     <span class='ocr_line' id='line_1_24' title="bbox 157 4142 1007 4235; baseline -0.004 -16"><span class='ocrx_word' id='word_1_175' title='bbox 157 4165 184 4218; x_wconf 77' lang='lat'><em>2</em></span> <span class='ocrx_word' id='word_1_176' title='bbox 202 4165 325 4235; x_wconf 72' lang='lat' dir='ltr'>uultus)</span> <span class='ocrx_word' id='word_1_177' title='bbox 341 4168 416 4228; x_wconf 75' lang='lat' dir='ltr'>latius</span> <span class='ocrx_word' id='word_1_178' title='bbox 433 4167 478 4230; x_wconf 64' lang='lat' dir='ltr'>ui</span> <span class='ocrx_word' id='word_1_179' title='bbox 492 4167 538 4216; x_wconf 73' lang='lat' dir='ltr'>aad</span> <span class='ocrx_word' id='word_1_180' title='bbox 554 4167 624 4216; x_wconf 67' lang='lat' dir='ltr'>uitur</span> <span class='ocrx_word' id='word_1_181' title='bbox 640 4179 654 4216; x_wconf 83' lang='lat' dir='ltr'>a</span> <span class='ocrx_word' id='word_1_182' title='bbox 672 4172 698 4216; x_wconf 78' lang='lat' dir='ltr'>et</span> <span class='ocrx_word' id='word_1_183' title='bbox 713 4172 724 4216; x_wconf 92' lang='lat' dir='ltr'>t</span> <span class='ocrx_word' id='word_1_184' title='bbox 739 4180 822 4229; x_wconf 80' lang='lat' dir='ltr'>supra</span> <span class='ocrx_word' id='word_1_185' title='bbox 839 4168 902 4216; x_wconf 62' lang='lat' dir='ltr'>aad„</span> <span class='ocrx_word' id='word_1_186' title='bbox 920 4180 946 4216; x_wconf 92' lang='lat' dir='ltr'>u.</span> <span class='ocrx_word' id='word_1_187' title='bbox 1003 4142 1007 4149; x_wconf 41' lang='lat'><em>¹</em></span> 
     </span>
     <span class='ocr_line' id='line_1_25' title="bbox 908 4269 920 4317; baseline 0 0"><span class='ocrx_word' id='word_1_188' title='bbox 908 4269 920 4317; x_wconf 97' lang='lat' dir='ltr'>l</span> 
     </span>
    </p>
   </div>
   <div class='ocr_carea' id='block_1_8' title="bbox 0 0 1310 4634">
    <p class='ocr_par' dir='ltr' id='par_1_9' title="bbox 0 0 1310 4634">
     <span class='ocr_line' id='line_1_26' title="bbox 0 0 1310 4634; baseline 0 4"><span class='ocrx_word' id='word_1_189' title='bbox 0 0 1310 4634; x_wconf 95' lang='lat' dir='ltr'> </span> 
     </span>
    </p>
   </div>
  </div>
 </body>
</html>
