2610 4634
425 286 519 364 turs.
541 261 576 332 νζ
621 287 704 334 cnr.
726 271 862 334 23-24.
1107 271 1170 337 tta

132 482 235 552 gamat
253 473 287 535 'e‘t
307 482 476 549 aperuerunt
496 477 599 534 locum.
623 495 625 498 ·
650 472 704 536 66.
727 477 791 546 Quo
812 489 900 551 quum
921 453 1074 548 patelictus
1095 483 1171 535 essct

130 586 233 657 aditus,
255 584 291 640 ad
311 584 458 640 aduersam
479 582 568 640 basim
589 582 766 640 accessimus.
820 578 980 656 Apparebat
1000 583 1171 655 epigramma

131 691 225 750 exesis
248 690 450 762 posterioribus
472 689 596 760 partibus
617 689 829 764 uersiculorum,
852 689 1001 746 dimidiatis
1023 688 1091 746 lere.
1122 693 1171 748 lta

130 797 307 855 nobilissima
336 794 467 852 Graeciae
490 795 604 869 ciuitas,
637 796 779 869 quondam
804 812 874 852 uero
895 795 978 852 etiam
1000 793 1168 873 doctissima,
1204 859 1207 863 ,

130 903 268 963 sui·ciuis
291 902 374 958 unius
395 901 546 958 acutissimi
567 909 775 959 monumentum
796 902 962 974 ignorasset,
984 901 1039 960 nisi
1060 905 1095 961 ab
1116 905 1170 961 bo·

129 1011 207 1067 mine
228 1008 361 1082 Arpinate
382 1008 533 1066 didicisset.
586 1009 646 1066 Sed
667 1010 776 1082 redeat,
800 1009 875 1065 unde
896 1006 1169 1083 aberrauit,÷oratio.

130 1117 203 1186 Quis
225 1121 268 1173 est
293 1114 435 1188 omnium,
464 1114 512 1187 qui
534 1104 625 1171 modo·
647 1127 710 1172 cum
731 1114 840 1189 Musis,
868 1116 898 1172 id
925 1121 967 1173 est
988 1113 1170 1175 cum'truma·

130 1223 216 1280 nitate
244 1218 370 1279 etcum
396 1221 523 1277 doctriua
552 1221 656 1277 babeat
677 1221 792 1294 aliquod
820 1223 1032 1296 commercium,
1062 1223 1111 1294 qui
1140 1239 1170 1280 sc

131 1345 191 1386 nou
212 1329 288 1385 hunc
308 1327 531 1385 mathematicum
551 1327 629 1383 malit
649 1343 734 1401 mam
753 1326 834 1384 illum
855 1325 1025 1401 tyranuum?
1039 1328 1078 1386 ‚Si
1096 1329 1170 1387 uitae

130 1433 248 1493 modum
269 1434 460 1507 actionemque
488 1433 663 1507 quaerimus,
696 1433 809 1491 alterius
830 1449 908 1493 meus
936 1434 1088 1491 rationibus
1110 1437 1171 1508 agi·

130 1541 223 1599 tandis
244 1541 479 1613 exquirendisque
500 1541 625 1596 alebatur
645 1555 709 1596 cum
729 1539 915 1597 oblectatione
936 1540 1092 1613 sollertiae,
1119 1540 1169 1614 qui

131 1653 176 1704 est
197 1664 268 1703 ursus
291 1647 472 1704 suauissimus
501 1625 596 1718 pastus
622 1647 801 1719 animorum,
829 1646 942 1702 alterius
966 1646 999 1702 in
1031 1648 1115 1704 caede
1142 1653 1170 1705 ct

131 1754 242 1811 iniuriis
263 1770 326 1810 cum
348 1761 376 1810 et
396 1753 496 1814 diurno
519 1760 547 1809 et
562 1757 703 1809 'nocturno
724 1758 809 1808 metu.
830 1764 833 1771 ’
851 1750 922 1827 Age,
946 1752 1048 1810 conler*
1062 1752 1170 1811 Demo·

132 1861 243 1932 cutum,
265 1861 460 1933 Pythagoram,
483 1861 695 1931 Anaxagoram
718 1875 789 1932 quae
811 1876 906 1934 regna,
928 1875 998 1933 quas
1020 1875 1088 1931 opes
1110 1866 1169 1918 stu·

132 1967 188 2024 diis
217 1983 315 2023 eorum
344 1973 373 2023 et
400 1966 628 2023 delectationibus
662 1963 838 2038 antepones?
870 1964 921 2025 67.
958 1965 1070 2023 Etenim
1097 1976 1168 2042 quae

133 2091 200 2146 pars
220 2075 324 2146 optima
346 2079 388 2130 est
409 2072 437 2128 in
451 2072 582 2145 bomine,
599 2072 628 2128 in
647 2090 680 2129 ea
702 2073 784 2128 situm
806 2089 868 2129 csse
889 2089 1003 2129 necesse
1025 2078 1067 2130 est
1088 2073 1169 2149 illud,

132 2181 211 2254 quod
236 2174 356 2253 quaeris,
380 2179 524 2251 optimum.
568 2179 642 2247 Quid
664 2184 707 2235 est
727 2184 819 2234 autem
840 2177 870 2234 iu
891 2178 1003 2235 bomine
1024 2180 1171 2251 sagacius

132 2287 207 2344 boue
228 2292 319 2343 mente
340 2283 465 2343 melius?
498 2284 568 2342 Eius
596 2285 670 2341 bono
693 2280 841 2340 liuendum
862 2290 905 2340 est
924 2283 1023 2359 igibus,
1051 2287 1076 2342 si
1097 2287 1170 2344 beati

133 2407 196 2449 csse
224 2387 362 2449 uolumus.
416 2392 531 2448 Rouum‘
545 2380 651 2448 'autem
681 2385 989 2465 meutissestuirtus'q
1020 2390 1171 2465 crgo’bac

131 2500 242 2556 beatam
262 2498 348 2555 uitam
373 2497 507 2558 contineri
529 2513 644 2555 necesse
666 2504 715 2554 est
740 2495 824 2554 -Hinc
845 2498 946 2573 omnia,
960 2501 1169 2575 quac‘pulcbrq
1240 2542 1242 2546 »

95 2588 100 2598 ’
132 2588 259 2677 honesta,
281 2605 422 2677 praeclara
444 2610 517 2676 sunt,
539 2611 570 2660 ut
591 2620 675 2677 supra
692 2602 751 2660 dixi
772 2603 839 2672 (sed
852 2584 1001 2662 dicendum
1012 2605 1088 2662 idem
1098 2607 1170 2664 illud

130 2706 228 2786 paullo
249 2709 363 2768 uberius
385 2710 533 2783 uidetur),
556 2711 639 2782 plena
661 2709 826 2782 gaudiorum
847 2716 919 2767 sunt
961 2709 1006 2766 Ex
1026 2712 1168 2784 perpetuis
1221 2718 1229 2725 ’

132 2804 403 2891 autem'pleui'sque
426 2816 545 2888 -gaudiis
574 2832 673 2890 quum
687 2812 866 2890 perspicuum
894 2817 941 2874 sit·
955 2816 1041 2875 uitam
1062 2816 1170 2876 beatam

131 2925 262 2997 existere,
285 2924 420 2997 sequitur,
441 2929 473 2980 ut
492 2939 525 2980 ea
546 2918 652 2981 existat
666 2939 701 2978 ex
722 2909 873 2980 honestate.
888 2946 907 2964 ν
932 2920 955 2943 ”

218 3026 326 3088 xx1V.
354 3027 405 3090 68.
442 3031 499 3088 Sed
527 3047 563 3088 ue
589 3029 683 3089 uerbis
712 3031 804 3087 solum
825 3030 990 3103 attingamus
1017 3032 1067 3106 ea,
1097 3048 1169 3106 quac

133 3137 264 3194 uolumus
287 3137 447 3210 ostendere,
470 3137 653 3210 proponenda
675 3138 811 3209 quaedam
833 3139 913 3211 quasi
934 3140 1074 3196 mouentia
1096 3147 1169 3213 suut,

133 3259 205 3316 quse
233 3259 285 3301 uos
312 3243 402 3314 magis
428 3245 470 3304 ad
491 3242 679 3314 cognitionem
706 3243 972 3316 intelligentiamque
998 3250 1170 3303 conuertant

130 3349 265 3407 Sumamr
285 3349 360 3406 enim
381 3349 601 3422 nobis'quidam
613 3355 756 3421 praestans
777 3349 949 3422 uiroptimis
960 3349 1076 3421 artibus,
1089 3349 1170 3422 isque

132 3456 226 3512 auimo
248 3472 398 3527 parumper
419 3462 447 3512 et
467 3454 633 3526 cogitatione
658 3455 786 3526 tingatur.
829 3455 954 3511 Primum
974 3454 1087 3526 ingenio
1109 3455 1170 3512 cxi-

132 3561 190 3618 mio
219 3562 256 3618 sit
281 3577 396 3618 uecessc
425 3567 481 3636 est3
508 3561 592 3618 tardis
620 3560 695 3619 euim
721 3560 861 3619 mentibus
892 3560 980 3617 uirtus
1010 3577 1064 3618 nou
1087 3560 1169 3618 lacile

133 3666 297 3741 comitatum
329 3667 430 3725 deinde
457 3668 494 3727 ad
520 3667 742 3740 inuestigandum
765 3667 1026 3727 ¹uerit-aterustudio
1048 3667 1169 3729 incitato.

201 3947 245 3999 66.
263 3945 418 4013 patefactus)
442 3948 594 4009 patefactura
613 3948 666 3998 ΗΡ.
710 3949 761 4013 ad)
782 3948 808 3998 id
831 3947 860 3997 P.
904 3947 1006 4012 basim)
1023 3949 1118 4001 bassim
1135 3951 1169 4002 ll.

133 4030 296 4093 dimidiatis)
318 4032 348 4080 trs
370 4031 402 4083 ll.
438 4040 513 4082 eroso
539 4042 565 4080 m
588 4034 730 4095 repositum
750 4032 777 4082 dl
821 4031 883 4094 est)
905 4036 944 4081 cst
964 4034 1033 4084 euim
1058 4035 1088 4084 Ρ.
1123 4048 1171 4085 ex·

134 4114 334 4180 quireudtsquc)
351 4115 577 4178 exquerenulsqus
591 4115 633 4180 lt,
649 4118 696 4168 sset
712 4129 782 4168 corr.
799 4115 829 4164 tn
845 4115 942 4178 exquir.
