2610 4634
198 294 261 360 tos
418 309 1037 359 russonumnrsrurarrouun

196 516 259 559 rum
280 517 414 574 generum
435 501 516 558 malis
545 499 675 558 omnibus
696 506 845 574 urgeatur,
875 507 906 557 ut
927 498 1022 558 omnia
1045 503 1165 560 aduersa
1185 505 1232 562 sint

196 609 226 666 in
248 608 369 682 tortum,
393 592 526 665 omnihus
546 624 712 680 oppressum
724 624 825 680 corpus
849 615 876 665 et
898 609 1058 667 contectum
1080 611 1232 685 doloribus,

197 714 262 773 huic
283 717 444 788 paullumne
471 716 506 772 ad
532 716 641 772 beatam
663 715 749 772 uitam
777 716 876 771 deesse
898 715 1041 790 dicemus,
1075 733 1135 773 uon
1156 718 1232 774 modo

198 824 234 880 ad
255 819 465 880 beatissimam?

282 932 334 1005 lii.
356 927 409 988 21.
431 928 495 985 Hoc
517 928 587 984 ittud
612 937 665 1005 est,
688 930 764 1002 quod
786 928 997 1000 Theophrastus
1021 930 1233 1008 sustinere-non

196 1037 293 1112 potuit
336 1038 408 1093 Nam
429 1051 515 1108 quum
533 1035 673 1092 statuisset
694 1036 822 1109 uerbera,
846 1041 993 1108 tormenta,
1017 1036 1168 1108 cruciatus,
1189 1055 1233 1110 pa·

196 1144 265 1202 triae
287 1143 459 1215 euersiones,
482 1140 576 1214 exilia,
599 1140 732 1198 orbitates
755 1159 885 1214 magnam
903 1141 961 1198 uim
978 1141 1087 1199 habere
1111 1145 1147 1201 ud
1167 1145 1233 1200 male

196 1251 354 1324 misereque
377 1249 539 1322 uiuendum,
562 1265 619 1304 non
640 1253 683 1304 est
704 1265 788 1305 ausus
810 1251 882 1305 etatc
900 1253 929 1303 et
947 1249 1040 1321 ample
1052 1251 1143 1324 loqui,
1155 1268 1234 1325 quum

196 1357 338 1414 humiliter
365 1354 543 1428 demisseque
576 1355 698 1412 sentiret
753 1356 844 1424 Quam
872 1356 963 1429 hene,
993 1373 1052 1412 non
1079 1359 1233 1430 quaeritur3

197 1470 354 1522 constanter
374 1463 488 1536 quidem
509 1470 593 1519 certe.
646 1464 743 1535 ltaque
764 1462 833 1518 mihi
860 1464 972 1535 placere
996 1479 1054 1520 non
1077 1465 1151 1521 solet
1171 1482 1234 1520 con·

197 1570 342 1646 sequentia
364 1569 584 1642 reprehendere,
613 1586 699 1642 quum
721 1570 810 1642 prima
832 1569 1014 1626 concesseris.
1060 1572 1119 1628 Hic
1149 1579 1234 1628 autem

197 1678 420 1752 elegantissimus
454 1676 579 1732 omnium
611 1675 844 1748 philosophorum
877 1683 905 1733 ct
942 1647 1150 1735 eruditissimus
1183 1695 1234 1735 non

196 1801 298 1857 magno
321 1801 406 1858 opere
428 1781 659 1855 reprehenditur,
682 1799 768 1855 quum
790 1782 841 1840 tria
864 1799 969 1854 genera
991 1783 1060 1841 dicit
1080 1785 1233 1856 honorum3

195 1898 313 1948 uexatur
334 1896 425 1946 autem
446 1890 481 1945 ah
507 1889 636 1944 omnihus
658 1888 779 1960 primunr
800 1888 829 1945 in
851 1907 885 1945 eo
908 1889 992 1963 libro,
1016 1908 1104 1964 quern
1127 1890 1233 1964 scripsit

195 1997 231 2054 de
252 1996 310 2053 uita
331 1997 429 2070 heata,
452 1994 481 2051 in
504 2012 560 2069 quo
582 1996 669 2051 multa
691 1995 821 2070 disputat,
844 1996 1029 2069 quamobrem
1050 1997 1086 2070 is,
1110 1997 1160 2072 qui
1180 2006 1233 2055 tor·

195 2111 328 2180 quemur,
357 2102 406 2176 qui
434 2102 582 2174 crucietur,
605 2102 702 2159 heatus
726 2120 787 2160 esse
809 2119 866 2158 non
888 2103 987 2175 possit.
1042 2106 1075 2160 ln
1099 2122 1134 2162 eo
1157 2104 1233 2162 etiam

195 2219 306 2286 putatur
333 2211 425 2269 dicere
455 2211 484 2267 in
511 2216 600 2266 rotam
626 2211 736 2266 beatam
767 2209 851 2266 uitam
879 2226 935 2265 non
956 2211 1122 2268 escendere.
1175 2213 1234 2269 Non

196 2336 314 2392 usquam
336 2318 365 2376 id
387 2317 501 2392 quidem
523 2316 590 2373 dicit
611 2316 741 2389 omnin03
764 2317 814 2373 sed
836 2334 907 2390 qnae
930 2316 1012 2390 dicit,
1035 2316 1114 2375 idem
1136 2322 1232 2376 ualent

195 2422 247 2484 25.
269 2400 389 2481 Possum
409 2423 504 2497 igitur,
527 2423 570 2480 cui
593 2422 780 2480 concesserim
800 2422 828 2479 in
852 2424 932 2480 maiis
953 2440 1016 2480 esse
1039 2426 1155 2483 dolores
1176 2443 1234 2483 cor·

195 2531 283 2606 poris,
304 2532 333 2589 in
355 2533 438 2589 malis
458 2529 602 2602 naufragia
624 2530 761 2604 fortunae,
785 2530 849 2586 huic
871 2548 1035 2588 suscensere
1055 2531 1160 2590 dicenti
1182 2550 1233 2590 nou

197 2657 294 2697 omnes
316 2640 406 2696 honos
428 2639 620 2721 esselheatos,
643 2654 730 2710 quum
752 2636 781 2693 iu
803 2654 900 2694 omnes
921 2639 1012 2695 honos
1035 2656 1079 2712 ea,
1103 2657 1176 2714 quae
1190 2640 1233 2698 ille

195 2747 225 2804 in
246 2747 327 2804 malis
349 2751 485 2819 numerat,
508 2746 608 2801 cadere
629 2741 761 2816 possint?
783 2745 905 2802 Ueratur
926 2742 1002 2802 idem
1027 2746 1234 2820 Theophrastus

196 2861 225 2911 et
245 2853 324 2910 lihris
347 2858 375 2909 et
396 2853 498 2910 scholis
519 2851 644 2909 omnium
661 2851 905 2925 philosophorum,
927 2852 1004 2924 quod
1026 2852 1056 2909 in
1068 2854 1235 2912 Callisthene

195 2974 248 3014 suo
271 2958 389 3015 laudarit
409 2958 486 3014 iilam
508 2958 686 3014 sententiam:

283 3063 376 3120 Uitam
396 3067 469 3134 repit
489 3065 616 3138 fortuna,
638 3081 697 3120 noo
718 3067 867 3136 sapientia.

196 3171 307 3243 Negant
328 3170 363 3227 ah
385 3171 443 3226 uilo
472 3170 642 3243 philosopho
670 3170 821 3246 quicquam
848 3173 952 3229 dictum
980 3189 1043 3231 esse
1071 3175 1236 3247 languidius.

197 3281 281 3338 Recte
304 3276 332 3336 id
355 3277 486 3353 quidem3
516 3280 565 3334 sed
587 3277 657 3334 nihil
679 3277 805 3350 intelligo
833 3278 897 3338 dici
910 3279 1036 3351 potuisse
1057 3266 1236 3339 constantius.

199 3388 231 3444 si
252 3387 327 3444 eninr
348 3361 389 3444 tot
410 3387 523 3442 suntin
546 3402 664 3459 corpore
692 3384 782 3460 hona,
811 3391 852 3442 tot
879 3392 955 3443 extra
984 3404 1087 3460 corpus
1113 3388 1145 3446 in
1173 3405 1237 3446 casu

198 3501 281 3569 atque
308 3493 436 3570 tortuua',
466 3511 560 3551 nonne
587 3499 802 3552 consentaneum
830 3499 873 3550 est
893 3494 957 3566 plus
983 3493 1143 3571 tonunam,
1166 3511 1238 3570 qnae

197 3601 311 3659 domina
339 3602 498 3682 resumsit
524 3606 552 3658 et
578 3606 753 3658 externarum
785 3606 813 3658 et
838 3600 874 3658 ad
901 3617 1002 3674 eorpus
1029 3601 1237 3676 pertinentium,

266 3819 425 3884 paultumne)
445 3818 646 3882 pautumneRP.
686 3820 904 3881 pauttutnmneO.
939 3818 982 3873 24.
1000 3833 1078 3883 quum
1098 3821 1170 3870 hum.
1190 3821 1240 3870 de-

197 3901 327 3962 misseque
344 3903 462 3969 sentiret)
481 3906 552 3957 hum.
571 3906 733 3966 demisseque
751 3907 846 3957 sentire
869 3906 935 3957 noo.
951 3922 980 3970 p.
999 3903 1061 3955 280
1087 3904 1170 3969 dicit)
1187 3906 1237 3954 dici

196 3985 249 4036 ΒΡ.
285 3985 384 4051 rotam)
402 3995 482 4038 rotam
501 3990 528 4040 id
546 3994 586 4039 est
602 4001 682 4052 genus
700 3991 816 4040 tondenti
834 3992 902 4053 apud
920 3990 1030 4042 Graecos
1053 3989 1107 4039 RP.
1145 4002 1239 4040 escen-

197 4071 273 4134 dere)
290 4071 439 4120 escenderet
455 4073 488 4124 R.
528 4072 571 4121 25.
589 4071 757 4139 suscensere)
779 4087 932 4125 succensere
949 4073 981 4124 0.
1017 4080 1043 4123 et
1059 4070 1238 4136 externarum)

198 4161 354 4207 externorum
373 4155 401 4203 P.
