2610 4634
395 261 471 306 eru.
488 250 512 307 1.
544 263 627 308 cnr.
650 247 783 311 31-35.
1066 256 1108 318 33

70 456 211 523 remanet3
232 448 293 524 ipse
314 450 389 508 enim
409 469 546 526 nusquam
565 460 616 510 est
654 453 709 511 Ubi
728 453 814 526 igitur
835 459 1012 534 malumst,
1034 480 1106 536 quo·

69 556 145 616 niam
167 558 237 615 nihil
259 558 368 616 tertium
396 565 456 634 est3
484 577 519 617 au
547 553 712 639 [quoniam]
742 561 803 635 ipse
824 563 908 621 animi
930 565 1069 621 discessus
1090 583 1107 621 a

70 680 189 738 corpore
211 683 268 722 nou
289 667 320 722 lit
341 667 401 723 siue
423 665 543 724 dolore?
567 669 602 725 Ut
623 669 734 725 credam
755 669 793 726 ita
815 687 887 744 esse,
910 688 993 745 quam
1014 677 1056 727 est
1077 671 1107 729 id

70 771 220 845 exiguum!
242 774 279 831 Et
287 773 396 832 -ialsum
417 792 479 832 esse
500 776 629 849 arbitror,
652 783 680 832 et
701 777 731 833 lit
751 779 915 851 plerumque
937 779 997 834 sine
1010 795 1105 851 sensu,

68 896 269 954 normunquam
290 882 377 939 etiam.
394 899 457 938 eum
479 885 629 958 uoluptate,
652 890 795 957 totumque
813 885 867 941 hoc
884 886 948 943 leue
966 892 1018 957 est,
1035 902 1105 958 qua-

69 988 207 1061 lecunque
229 996 287 1063 est;
317 990 348 1046 lit
369 989 443 1046 enim
465 991 500 1046 ad
522 997 653 1062 punctum
675 991 818 1063 temporis,
860 990 911 1051 83.
934 993 1008 1049 lllud
1030 993 1106 1064 angit

68 1096 116 1152 uel
137 1096 231 1168 potius
253 1097 399 1172 excruciat,
417 1097 556 1154 discessus
579 1098 613 1153 ab
636 1098 764 1155 omnihus
788 1098 832 1173 iis,
854 1117 925 1172 quae
948 1106 1011 1156 suut
1032 1101 1105 1157 bona

67 1200 99 1259 iu
119 1200 185 1274 uita.
229 1204 316 1276 uide,
343 1222 379 1260 ne
406 1202 486 1260 malis
515 1203 568 1259 diei
597 1204 691 1262 uerius
719 1206 816 1279 possit„
860 1207 934 1275 Quid
956 1224 1009 1279 ego
1032 1225 1105 1264 nune

68 1309 180 1381 lugeam
201 1310 285 1368 uitam
306 1309 474 1368 homiuum?
507 1312 579 1369 Uere
601 1318 628 1368 et
655 1312 714 1369 iure
735 1330 868 1386 possnm3
892 1315 941 1369 sed
964 1314 1031 1387 quid
1052 1332 1102 1371 ne·

68 1433 147 1475 besse
169 1424 225 1493 est,
249 1435 335 1493 quum
356 1417 384 1474 id
405 1435 503 1493 agam,
531 1436 566 1475 ne
587 1426 651 1491 post
672 1427 789 1476 mortem
810 1421 927 1478 miseros
949 1438 1000 1478 uos
1022 1426 1102 1494 pute-

67 1540 131 1581 mus
153 1523 230 1598 t'ore‚
260 1525 341 1583 etiam
362 1525 447 1583 uitam
469 1525 579 1582 efficere
601 1526 772 1599 deplorando
794 1525 989 1584 miseriorem?
1022 1529 1101 1584 Feei·
1136 1565 1140 1574 ·

67 1648 129 1688 mus
151 1631 206 1689 hoe
226 1633 255 1690 in
278 1650 312 1690 eo
333 1633 417 1706 libro,
440 1633 469 1689 in
492 1649 547 1706 quo
570 1634 782 1708 nosmetipsos,
802 1640 933 1707 quantum
950 1634 1100 1710 potuimus,

68 1739 202 1796 'consolati
223 1757 328 1797 sumus.
370 1741 496 1797 Amatis
519 1740 604 1811 igitur
629 1758 705 1797 mors
732 1741 859 1814 abducit,
889 1759 943 1798 non
971 1741 1101 1815 abonis,

66 1863 167 1905 uerum
188 1847 212 1903 si
233 1848 401 1922 quaerimus.
443 1849 480 1905 Et
502 1849 614 1921 quidem
635 1848 689 1904 hoe
711 1866 726 1904 a
748 1848 899 1921 Cyrenaico
916 1849 1039 1921 Hegesia
1061 1850 1103 1907 sie

10 2034 14 2040 ν
67 1953 181 2027 copiose
203 1954 366 2029 dispuutur,
388 1955 462 2012 ntis
484 1973 500 2013 a
522 1973 589 2026 rege
611 1957 770 2012 Ptolemaeo
794 1957 949 2029 prohibitus
972 1975 1034 2014 esse
1054 1957 1100 2013 di-

67 2068 143 2118 catur
166 2061 215 2118 illa
236 2062 265 2118 in
287 2062 390 2118 scholis
412 2063 514 2135 dicere,
539 2063 615 2136 quod
636 2062 716 2119 multi
737 2062 772 2117 iis
794 2063 893 2120 auditis
915 2072 1032 2121 mortem
1046 2065 1100 2121 sibi

66 2166 121 2241 ipsi
142 2170 366 2255 consciscerent..
397 2167 448 2229 81.
472 2168 633 2226 Callimachi
656 2169 769 2243 quidem
791 2169 960 2243 epigramma
982 2171 1010 2227 in
1032 2171 1100 2227 hm·
1174 2174 1183 2183 '

65 2276 216 2334 braciotam
227 2276 437 2334 Cleombrotum
456 2284 513 2348 est,
535 2294 619 2350 quem
640 2277 687 2350 ait,
709 2292 796 2350 quum
818 2277 845 2333 ei
865 2277 934 2334 nihil
956 2277 1100 2334 accidisset

65 2383 194 2458 aduersi,
226 2388 244 2441 'e
270 2400 352 2441 muro
379 2401 409 2441 se
437 2385 467 2441 iu
493 2401 570 2441 mare
597 2384 731 2441 abiecisse
759 2385 831 2441 leuto
858 2384 983 2442 Platonis
1015 2386 1098 2442 libro.

65 2490 135 2548 Eius
163 2496 272 2565 autem,
301 2507 384 2564 quem
412 2491 486 2566 dixi,
515 2491 654 2563 Hegesiae
685 2491 757 2548 liber
786 2498 828 2548 est
854 2473 1098 2570 Ἀποκαρτερῶν,

65 2597 142 2670 quod
163 2614 179 2653 a
200 2598 256 2655 uita
278 2598 390 2672 quidam
412 2616 462 2672 per
479 2599 599 2656 inediam
615 2597 760 2654 discedens
779 2605 924 2654 reuocatur
941 2600 975 2655 ab
992 2599 1097 2672 amieis,

64 2703 166 2777 quibus
189 2705 359 2778 respondens
380 2705 453 2763 uitae
475 2705 610 2763 humanae
637 2711 778 2761 enumerat
799 2705 983 2761 incommoda.
1026 2707 1097 2763 Pos-

64 2827 125 2868 sem
145 2810 220 2868 idem
241 2812 342 2888 iacere,
364 2812 417 2870 etsi
439 2810 529 2870 miuus
552 2830 634 2886 quam
656 2813 715 2885 ille,
739 2811 787 2885 qui
805 2810 918 2868 omnino
934 2812 1030 2870 uiuere
1047 2831 1096 2869 ex·

63 2918 162 2991 pedire
183 2920 287 2976 nemini
308 2927 392 2993 putat.
436 2920 516 2980 Mitto
539 2919 626 2992 alios3
656 2898 773 2976 etiamne
794 2919 877 2976 nobis
900 2922 1024 2995 expedit,
1048 2919 1097 2994 qui

64 3031 92 3082 et
112 3025 270 3084 domesticis
293 3035 320 3085 et
341 3027 499 3084 forensibus
522 3025 626 3083 solatiis
649 3026 873 3099 ornamentisque
896 3026 996 3100 priuati
1023 3035 1096 3085 certe

62 3132 88 3190 si
114 3139 177 3189 aute
205 3133 413 3208 occidissemus,
445 3151 521 3192 mors
550 3150 600 3190 nos
628 3151 645 3190 a
672 3132 769 3209 malis,
792 3151 849 3190 non
876 3152 892 3191 a
920 3135 1001 3192 bouis
1029 3136 1095 3192 abs-

61 3240 199 3298 traxisset.

146 3348 267 3405 XXXV.
278 3344 328 3409 85.
352 3350 394 3406 sit
415 3348 499 3422 igitur
520 3348 631 3423 aliquis,
650 3347 697 3421 qui
720 3347 789 3404 nihil
810 3348 875 3404 mali
898 3348 1005 3420 haheat,
1028 3351 1093 3405 nul·

59 3455 121 3511 lum
142 3473 158 3512 a
179 3456 288 3513 fortuna
309 3458 410 3513 uulnus
432 3455 577 3527 acceperit.
628 3456 758 3513 Metellus
781 3456 828 3512 ille
851 3436 991 3511 honoratis
1013 3461 1093 3528 quat-

59 3568 126 3619 tuor
150 3562 231 3635 liliis3
264 3570 291 3620 at
317 3562 515 3637 quinquaginta
541 3562 683 3635 Priamus,
715 3580 730 3618 e
769 3563 871 3636 quihus
905 3562 1107 3634 septendecim

131 3773 292 3841 [quoniamD
308 3779 364 3827 sine
380 3777 518 3828 1111111110.
552 3776 697 3838 Etlalsum)
716 3777 752 3827 At
769 3777 785 3826 t.
800 3777 831 3826 0.
867 3777 908 3830 83.
919 3776 1046 3829 nemetisl
1060 3792 1092 3829 ne

57 3860 210 3910 amalisO.
244 3860 277 3910 Et
294 3862 409 3924 ouldem)
427 3864 549 3924 ecquideo
567 3863 599 3912 ll.
629 3862 790 3926 Ptolomaeo]
806 3863 944 3913 Ptolomaeo
958 3863 988 3913 n.
1024 3866 1092 3925 qrrod

56 3945 133 3995 multi
151 3945 194 4007 iis)
212 3958 262 4007 quo
280 3948 352 3996 inulti
363 3949 411 4029 ,his
428 3948 459 3998 lt.
495 3948 746 4006 Steleomhrotum)
764 3947 961 3998 Theombrotum
974 3949 1002 3996 a.
1034 3949 1092 3996 lle-

56 4028 158 4096 gesiae)
175 4031 286 4082 llelesiae
304 4032 334 4082 lt.
374 4014 608 4097 Αποκαρτερῶν)
630 4038 790 4094 apocarteron
804 4033 833 4082 ll.
871 4034 938 4082 idern
952 4032 1047 4096 lairere)
1064 4033 1091 4082 id

55 4114 141 4165 lucere
157 4116 189 4167 lb
222 4114 266 4167 ot.
283 4115 431 4182 honoratis)
450 4118 585 4167 trorroratus
603 4119 634 4166 ll.
669 4116 815 4182 nutritius)
835 4119 928 4178 (rullius
947 4118 976 4166 n.

869 4220 886 4267 :l
