2610 4634
405 295 480 340 nin.
503 282 542 339 lt.¹
584 295 669 340 cae.
699 281 794 342 3-4.
1085 283 1132 364 53

84 481 106 541 ii
128 483 184 540 soli
207 482 312 563 tegunt,
335 482 384 555 qui
406 481 454 539 ida
476 489 549 541 recte
571 482 625 539 dici
648 489 751 554 putant
784 484 874 541 Nobis
896 490 988 542 autem
1005 485 1126 561 uidetur,

84 589 220 663 quicquid
241 586 339 644 litteris
361 589 519 661 meudetur,
549 589 786 647 idcommenderi
809 591 933 649 ombium
954 592 1128 651 eruditorum

84 690 199 753 ieciioni
219 696 328 752 decere.
365 696 433 768 Nec,
456 696 480 752 si
502 696 530 752 id
552 697 606 767 ipsi
628 697 719 754 minus
741 698 874 770 consequi
894 715 1059 772 possumus,
1081 701 1127 756 id·

85 804 161 861 circo
184 802 275 858 minus
297 801 326 859 id
347 802 384 859 ita
405 802 562 859 faciendum
591 820 653 860 esse
680 804 823 860 sentimus.
875 801 905 863 9.
934 807 1030 881 ltaque
1057 806 1126 863 mibi

86 927 198 982 semper
219 909 465 982 Peripateticorum
486 898 708 981 Academiaeque
734 911 907 967 consuetudo
933 913 968 968 de
997 914 1127 971 omnibus

85 1019 171 1075 rebus
192 1016 222 1073 in
243 1015 395 1073 contrarias
416 1022 508 1088 partes
531 996 692 1074 disserendi
707 1033 764 1074 non
786 1018 823 1074 ob
851 1035 912 1075 cam
940 1035 1051 1076 causam
1079 1036 1125 1077 so-

86 1124 146 1180 tum
167 1121 286 1195 placuit,
309 1124 385 1194 quod
406 1122 487 1180 aliter
506 1139 565 1179 uon
592 1130 703 1196 posset,
728 1124 796 1196 qnid
825 1124 854 1181 in
882 1141 1044 1199 quoquere
1066 1125 1127 1182 ueri

87 1230 179 1288 simile
201 1235 286 1300 essct,
308 1229 443 1300 inueniri3
467 1229 517 1286 sed
538 1229 630 1300 etiam,
646 1231 722 1303 qnod
741 1237 814 1288 esset
832 1248 865 1288 ea
880 1232 999 1288 maxima
1017 1231 1126 1289 dicendi

87 1336 256 1394 exercitatio.
288 1337 350 1404 Qua
372 1336 502 1408 princeps
524 1353 590 1393 usus
613 1343 655 1394 est
671 1336 846 1410 Aristoteles,
870 1338 970 1395 deiude
992 1355 1057 1396 eum
1078 1339 1128 1411 qui

88 1443 176 1502 secuti
198 1448 270 1499 sunt
308 1444 409 1500 Nostra
430 1449 521 1500 annm
543 1444 678 1500 memoria
699 1444 791 1515 Philo,
815 1461 898 1516 quem
919 1462 972 1501 nos
994 1445 1126 1518 frequen·

86 1557 130 1608 ter
158 1549 330 1621 audiuimus,
358 1548 476 1606 instituit
502 1550 557 1606 alio
576 1557 709 1621 tempore
738 1551 880 1607 rhetorum
901 1558 1046 1624 praecepta
1071 1557 1127 1608 tra·

87 1658 168 1728 dere,
189 1657 244 1714 aiio
266 1656 509 1729 pbilosophorum,
527 1657 662 1728 adquam
684 1673 738 1713 nos
759 1658 986 1714 consuetudinem
1008 1675 1023 1714 a
1046 1657 1127 1714 iami-

87 1765 204 1822 liaribus
225 1762 328 1820 nostris
344 1762 461 1819 'adducti
481 1762 509 1819 in
533 1762 703 1836 Tusculano,
720 1765 795 1835 quod
815 1765 908 1821 datum
930 1771 972 1821 est
993 1747 1130 1837 temporis

87 1872 188 1946 nobis,
210 1871 238 1928 iu
261 1887 295 1926 co
317 1870 549 1942 consumpsimus.
605 1871 700 1942 ltaque
723 1887 810 1942 quum
831 1877 893 1927 ante
915 1870 1060 1929 meridiem
1082 1870 1129 1928 di·

88 1979 173 2036 ctioui
186 1993 300 2050 operam
311 1976 496 2047 dedissemus,
512 1977 583 2033 sicut
605 1977 694 2048 pridie
717 1976 882 2048 feceramus,
900 1984 964 2050 post
981 1977 1128 2035 meridiem
1194 2002 1197 2006 ·

87 2088 117 2145 iu
128 2076 306 2143 Academiam
328 2083 533 2139 descendimus.
567 2085 599 2140 br
621 2101 676 2156 qua
698 2083 911 2155 disputationem
929 2085 1050 2142 babitam
1070 2102 1129 2141 uon

88 2193 168 2268 qnasi
189 2196 331 2250 narrantes
353 2190 534 2264 exponimus,
562 2190 612 2276 sed
633 2191 740 2247 eisdem
762 2191 821 2248 iere
842 2191 954 2264 uerbis,
984 2198 1014 2248 ut
1037 2173 1129 2249 actum

86 2302 311 2374 disputatumque
333 2303 384 2354 est

173 2409 223 2464 lv.
252 2404 300 2465 10.
327 2406 379 2462 Est
404 2404 489 2475 igitur
515 2405 719 2461 ambulantibus
741 2406 775 2461 ad
797 2407 872 2462 bunc
898 2403 1130 2461 modum‘sermo

88 2515 138 2572 ille
158 2513 241 2570 nobis
263 2512 402 2569 institutus
425 2518 452 2567 et
467 2508 547 2568 a'tali
567 2513 688 2584 quodam
709 2512 837 2568 inductus
860 2512 985 2570 exordio.
1019 2510 1128 2568 boici

89 2639 147 2679 non
169 2625 276 2693 potest,
306 2634 389 2691 quarn
412 2619 463 2675 sim
486 2620 614 2674 besterna
637 2617 820 2689 disputatione
843 2624 888 2673 tua
911 2619 1059 2672 dolectatus
1081 2618 1129 2672 uei

89 2728 182 2802 potius
209 2727 327 2785 adiutus.
380 2725 442 2782 Etsi
469 2725 545 2782 enim
566 2724 634 2781 mibi
664 2741 726 2780 sum
754 2723 882 2780 conscius
910 2740 1051 2795 nunquam
1083 2740 1129 2779 me

89 2835 173 2893 nimis
195 2835 269 2905 uitae
290 2832 421 2904 cupidum
445 2832 543 2902 fuisse,
566 2838 657 2888 tamen
679 2831 817 2887 interdum
840 2830 1013 2887 obiciebatur
1034 2830 1129 2886 animo

88 2948 180 3001 metus
200 2939 314 3013 qaudam
341 2946 369 2996 et
400 2939 481 2995 dolor
508 2934 638 3010 cogitanti
671 2937 733 2994 fore
759 2939 909 3011 aliquando
933 2938 1018 2994 tinem
1046 2938 1129 2993 buius

89 3050 160 3107 lucis
183 3054 210 3104 et
230 3046 409 3104 amissionem
431 3046 555 3102 omnium
577 3046 651 3102 uitae
672 3046 892 3102 commodorum.
942 3046 1005 3101 Hoc
1027 3061 1142 3115 genere-

89 3155 234 3213 moiestiae
255 3153 306 3227 sic,
329 3154 506 3226 mihicrede,
524 3168 586 3209 sum
608 3152 750 3223 liberatus,
772 3159 803 3208 ut
825 3152 894 3208 nihil
915 3152 1007 3207 minus
1029 3169 1128 3207 curnu-

89 3263 158 3318 dum
179 3268 282 3333 putem.
328 3259 376 3320 11.
405 3263 445 3319 M.
474 3259 589 3318 Minime
611 3260 712 3316 mirum
734 3259 763 3314 id
786 3259 909 3331 quidem.
953 3260 1022 3314 Nam
1045 3256 1130 3312 citicit

89 3369 145 3424 boc
165 3366 361 3439 philosophia,
382 3369 508 3423 medetur
529 3366 639 3439 animis,
661 3367 756 3423 inanes
780 3365 978 3422 sollicitudines
1001 3362 1130 3433 detrabit,

90 3473 285 3546 cupiditatibus
307 3474 421 3546 liberat,
455 3473 533 3545 pellit
560 3473 683 3530 timores.
739 3474 794 3530 Sed
822 3474 890 3528 baec
921 3471 980 3525 eius
1008 3469 1051 3524 uis
1074 3457 1130 3523 nou

89 3581 165 3638 idem
187 3584 278 3653 potest
299 3581 372 3653 apud
395 3597 508 3653 omnes;
531 3586 588 3635 tum
606 3581 679 3635 ualet
693 3581 821 3649 multum,
844 3594 930 3650 quum
949 3582 991 3632 est
1000 3576 1130 3631 idoneam

89 3689 237 3760 complexa
258 3695 393 3746 naturam.
443 3689 540 3743 Fortes
570 3685 643 3742 euim
671 3702 728 3741 non
757 3684 840 3741 modo
871 3684 981 3740 fortuna
1008 3682 1130 3753 adiuuat,

88 3803 121 3852 ut
142 3800 183 3852 est
205 3795 234 3851 in
256 3801 351 3851 uetere
372 3794 540 3868 prouerbio,
563 3794 613 3850 sed
634 3794 722 3849 multo
744 3791 833 3862 magis
856 3791 943 3863 ratio,
974 3806 1044 3862 quiae
1066 3787 1130 3859 qui-

89 3946 392 3957 ffl—

158 4046 185 4095 9.
205 4051 281 4108 esset,
299 4043 422 4110 inueniri)
442 4058 498 4096 csse
517 4046 632 4096 inuenire
650 4046 682 4095 R.
720 4044 761 4094 lo.
772 4040 905 4108 inductus]
916 4044 1007 4093 ductus
1018 4041 1048 4090 0.
1084 4055 1132 4091 co·

89 4129 195 4196 pinanti)
213 4130 347 4190 cogitantis
365 4131 396 4183 u.
