2610 4634
205 286 267 349 tou
420 303 651 348 ruscuuan.
686 301 1037 348 nrsrurarrouuru

202 499 295 551 autem
314 493 372 550 iam
393 493 532 563 integrum
553 507 609 548 non
631 497 682 548 est
726 491 926 564 Superioribus
949 491 1025 548 errim
1048 494 1236 574 disputationi·

201 599 255 658 hus
278 600 407 657 ellectum
427 604 470 655 est
497 615 597 655 uacare
625 598 702 654 omni
729 598 814 654 animi
842 598 1062 671 perturbatione*
1083 603 1238 674 sapientem.

204 705 253 766 18.
276 709 316 764 Μ.
339 706 478 764 Nimirum
499 706 584 778 igitur
604 706 730 762 conlecta
751 722 796 762 res
818 711 875 778 est3
898 707 1010 763 uidetur
1032 707 1108 764 enirm
1133 710 1169 765 ad
1186 711 1238 766 exi·

201 818 260 870 tum
282 814 394 870 uenisse
415 813 551 886 quaestio.
594 812 847 884 hPropcmodum
867 812 897 868 id
920 813 1045 884 quidem.
1079 816 1121 873 hl.
1144 817 1239 874 Uerum

201 926 293 977 umen
315 920 571 976 mathematicorum
598 918 650 975 iste
672 935 733 975 mos
757 925 814 992 est,
843 935 900 974 non
928 927 971 976 ost
996 921 1237 994 philosophorum

200 1028 273 1099 Nam
294 1033 451 1097 geometrae
474 1042 559 1098 quum
582 1025 689 1099 aliquid
706 1027 810 1083 docere
832 1027 948 1097 uolunt,
978 1028 1003 1083 si
1033 1029 1103 1101 quid
1127 1031 1238 1086 adeam

199 1147 260 1188 rem
281 1133 400 1204 pertinet
422 1149 530 1205 eorum,
552 1145 625 1201 quae
647 1139 710 1189 ante
732 1133 896 1204 docuerunt,
919 1133 948 1189 id
971 1142 1087 1191 sumunt
1104 1153 1157 1208 pro
1175 1155 1238 1194 con·

199 1255 279 1296 cesso
308 1246 335 1295 et
361 1241 495 1312 prohato;
527 1239 598 1295 illud
630 1241 715 1297 modo
746 1239 900 1312 explicant,
935 1240 971 1296 de
1000 1258 1058 1314 quo
1088 1248 1153 1299 ante
1174 1244 1237 1300 nihil

199 1345 332 1419 scripturn
354 1352 405 1404 est.
437 1345 602 1419 Philosophi
624 1363 820 1419 quamcunque
840 1363 902 1404 rem
924 1347 1027 1405 hahent
1050 1347 1079 1405 in
1102 1351 1236 1424 manibus,

198 1453 229 1510 in
251 1471 327 1527 cam,
361 1471 432 1528 quae
459 1453 644 1527 conueniunt,
681 1461 834 1524 congerunt
862 1453 971 1527 omnia,
1005 1454 1059 1511 etsi
1092 1456 1150 1513 alio
1178 1459 1236 1514 loro
1283 1467 1289 1474 ’

199 1560 336 1633 disputata
359 1567 431 1617 sunt
472 1562 555 1629 Quod
576 1558 604 1616 ni
626 1559 663 1616 ita
686 1566 769 1634 esset,
791 1578 842 1617 cnr
864 1561 986 1635 Stoicus,
1008 1564 1034 1617 si
1057 1569 1134 1621 osset
1155 1581 1236 1637 quae·

199 1669 293 1742 situm,
316 1669 418 1725 satisne
440 1669 476 1724 ad
496 1669 577 1724 beate
599 1668 751 1724 uiuendum
773 1666 860 1723 uirtus
883 1675 988 1741 posset,
1011 1670 1235 1741 malediceret,

199 1775 243 1831 cui
273 1776 338 1831 satis
360 1782 434 1832 esset
455 1776 626 1847 respondere
654 1790 684 1830 se
706 1780 770 1830 ante
792 1772 922 1830 docuisse
943 1775 1013 1830 nihil
1036 1775 1147 1832 honum
1167 1794 1234 1849 esse,

198 1880 253 1936 uisi
275 1882 351 1953 quod
373 1882 520 1938 honestum
542 1887 626 1952 esset,
649 1881 703 1937 hoc
724 1881 841 1953 probato
864 1898 1040 1955 consequens
1054 1899 1120 1940 esse
1132 1884 1236 1941 beatam

196 1986 282 2044 uitam
302 1987 404 2044 uirtute
425 2005 487 2046 esse
509 1994 677 2061 contentam,
700 1993 728 2043 et
744 2004 800 2061 quo
818 1989 904 2044 modo
926 1989 981 2045 hoc
1002 1989 1040 2046 sit
1061 2006 1233 2064 consequens

197 2094 257 2167 illi,
280 2096 320 2152 sic
341 2096 411 2153 illud
433 2096 515 2169 huic,
538 2102 584 2169 ut,
608 2095 632 2150 si
654 2094 735 2150 beata
760 2095 817 2151 uita
838 2094 941 2152 uirtute
963 2103 1093 2154 contenta
1117 2099 1163 2172 sit,
1185 2097 1234 2155 uisi

197 2202 344 2259 honestum
366 2205 441 2277 quod
464 2203 510 2277 sit,
532 2201 601 2259 nihil
623 2200 700 2258 aliud
721 2201 757 2258 sit
777 2203 891 2259 bonum.
926 2201 974 2262 to.
991 2205 1049 2260 Sed
1067 2211 1161 2262 tamen
1185 2223 1235 2261 nou

198 2317 284 2382 agunt
304 2312 355 2369 sic.
397 2313 468 2367 Nam
498 2317 526 2367 et
554 2311 589 2366 de
611 2308 727 2365 honesto
750 2315 778 2365 et
799 2311 834 2366 de
856 2327 965 2367 summo
988 2310 1065 2368 bono
1087 2313 1233 2385 separatim

196 2416 262 2473 iibri
288 2424 370 2489 sunt,
398 2424 425 2473 et
453 2435 538 2491 quum
567 2435 600 2473 ex
629 2433 663 2472 eo
686 2417 822 2474 efficiatur
843 2416 908 2474 satis
931 2435 1062 2490 magnam
1084 2419 1114 2476 in
1135 2392 1234 2477 uirtute

197 2526 232 2581 ad
254 2525 334 2581 beate
356 2522 508 2581 uiuendum
530 2541 592 2580 esse
614 2524 689 2597 uim,
713 2523 799 2580 nihilo
822 2522 913 2580 minus
936 2525 991 2581 hoc
1012 2533 1100 2597 agunt
1122 2544 1233 2600 separa·

196 2633 254 2689 tirn.
297 2632 422 2705 Propriis
446 2631 520 2688 enim
542 2638 570 2687 et
590 2631 647 2687 suis
671 2629 838 2701 argumentis
862 2636 890 2686 ot
910 2631 1149 2710 admonitionibus
1178 2643 1233 2691 tra·

196 2740 294 2795 ctanda
316 2757 443 2813 quaeque
465 2756 509 2794 res
539 2744 596 2810 ost,
628 2744 703 2794 tante
729 2738 901 2809 praesertim.
946 2738 1021 2794 Caua
1051 2740 1128 2798 enim
1158 2747 1233 2814 putes

195 2847 282 2902 ullam
303 2847 333 2902 iu
355 2845 533 2919 philosophia
560 2862 656 2902 uocem
686 2846 816 2901 emissam
844 2845 990 2902 clariorem
1018 2848 1147 2906 ullumne
1175 2864 1233 2905 esse

194 2951 390 3023 philosophiae
412 2952 581 3024 promissum
603 2939 716 3007 uberius
744 2957 793 3007 aut
818 2951 918 3008 maius.
962 2953 1033 3009 Nam
1056 2955 1128 3026 quid
1149 2956 1233 3027 proli-

194 3054 289 3113 tetur?
322 3059 390 3114 odi
412 3056 494 3113 honil
523 3057 707 3128 perfecturam
729 3071 776 3130 sc,
800 3058 847 3130 qui
870 3059 980 3130 legibus
1003 3059 1061 3116 suls
1085 3061 1232 3133 paruisset,

194 3170 226 3221 ut
245 3169 319 3220 esset
340 3169 434 3221 contra
456 3163 597 3220 fortunam
619 3179 729 3235 semper
751 3173 889 3240 armatus,
919 3173 949 3222 ut
971 3165 1066 3223 omnia
1094 3169 1234 3240 praesidia

194 3273 310 3330 haberet
330 3271 358 3329 in
381 3290 411 3330 se
433 3272 505 3327 bene
527 3270 661 3343 beateque
682 3271 807 3345 uiuendi,
830 3279 861 3328 ut
881 3278 956 3328 esset
976 3278 1089 3348 semper
1111 3276 1232 3350 denique

194 3380 303 3439 beatus.
345 3379 396 3439 20.
426 3381 483 3437 Sed
504 3379 618 3451 uidero,
641 3380 709 3451 quid
732 3379 842 3435 efficiat.
894 3379 1043 3452 Tantisper
1065 3381 1119 3439 hoc
1141 3383 1232 3455 ipsum

194 3489 288 3561 magni
311 3489 436 3560 aestimo,
460 3487 536 3560 qnod
557 3486 713 3559 pollicetur.
756 3487 826 3542 Nam
845 3486 955 3559 Xcrrcs
977 3487 1091 3559 quidem
1112 3490 1231 3547 refertus

195 3596 324 3652 omnibus
354 3594 484 3667 praemiis
512 3594 651 3666 donisque
672 3594 816 3665 fortunae,
846 3610 902 3649 non
932 3595 1072 3667 equitatu,
1100 3612 1158 3652 non
1181 3613 1232 3668 pe·

194 3702 334 3759 destrihus
357 3701 454 3775 copiis,
477 3716 534 3755 non
556 3701 668 3756 nauium
690 3699 874 3773 multitudine,
897 3719 953 3758 nou
975 3701 1083 3758 infinito
1105 3703 1232 3774 pondere

193 3808 253 3862 auri
275 3815 429 3882 contentus,
452 3807 606 3882 praemium
627 3807 789 3881 proposuit,
811 3809 860 3880 qui
881 3808 1033 3865 inuenisset
1053 3825 1157 3865 nouam
1179 3826 1231 3865 uo-

259 4066 362 4133 uucare)
380 4071 526 4123 mortua
549 4072 604 4123 .18.
620 4085 651 4123 se
666 4079 726 4125 unte
742 4069 876 4138 docuism
891 4073 947 4133 scd,
956 4079 1014 4124 ante
1031 4075 1164 4125 docuisset
1174 4073 1229 4125 ΒΡ.

191 4151 421 4218 neumatum
778 4156 919 4218 ¹-ar.·;-=
