2610 4634
180 287 223 352 84
396 299 1006 346 ruscu1.nu.urseu'rnrrouun

182 474 333 553 curandos:
357 484 531 564 sanabimur,
555 489 578 546 si
600 491 736 546 notemus.
779 489 816 545 Et
837 488 1002 560 progrediar
1023 490 1139 562 quidem
1160 492 1222 549 lon·

182 602 262 675 gius,
296 616 351 656 non
380 596 454 654 enim
482 597 517 653 de
539 597 710 667 aegritudine
740 597 847 668 solum,
878 613 1036 670 quanquam
1058 597 1087 653 id
1110 597 1224 670 quidem

181 707 318 781 primum,
348 705 398 761 sed
427 704 462 759 de
490 701 565 759 omni
594 702 696 775 animi,
721 708 756 758 ut
788 720 841 781 ego
869 704 967 776 posui,
995 705 1223 780 perturbatione,

183 815 294 887 morbo,
316 819 347 869 ut
369 810 467 867 Graeci
489 811 597 882 uolunt,
620 808 774 881 explicabo.
804 811 843 888 Et
864 812 964 885 primo,
987 811 1011 868 si
1033 812 1135 884 placet,
1149 812 1223 868 Stoi·

182 937 279 978 comm
300 934 379 975 more
401 933 524 990 agamus,
548 915 596 988 qni
618 916 741 972 breuiter
761 917 914 989 astringere
937 920 1028 975 solent
1049 916 1223 993 argumenta,

183 1027 282 1084 deinde
304 999 399 1082 nostro
423 1023 546 1080 instituto
569 1023 744 1093 nagabimur.
796 1078 801 1083 .
937 1003 950 1017 Ι

224 1171 227 1176 -
266 1133 331 1188 vll.
355 1129 404 1188 14.
433 1130 487 1199 Qui
509 1129 588 1185 sortis
611 1135 668 1202 cst,
688 1129 765 1185 idem
792 1137 833 1187 est
859 1130 964 1205 fidens,
994 1132 1127 1205 quoniam
1155 1148 1223 1188 con·
1267 1139 1271 1149 ’

183 1241 272 1299 fidens
293 1239 365 1295 mala
387 1236 585 1294 consuetudine
602 1235 741 1308 toquendi
762 1236 790 1292 in
801 1237 868 1293 uitio
890 1237 1011 1310 ponitur,
1023 1239 1138 1294 ductum
1158 1256 1220 1295 uer·

183 1349 250 1404 bum
272 1364 287 1403 a
310 1344 486 1416 confidendo,
509 1345 587 1416 quod
609 1343 699 1398 laudis
715 1348 771 1399 est.
815 1343 870 1411 Qui
892 1351 983 1401 autern
1005 1350 1049 1400 est
1069 1345 1176 1417 fidens,
1198 1345 1223 1401 is

184 1455 309 1527 profecto
338 1469 394 1509 non
423 1448 591 1522 extimescit,
627 1449 764 1522 discrepat
786 1450 860 1507 enim
882 1466 898 1506 a
924 1450 1049 1508 timendo
1072 1451 1222 1508 confidere.

183 1562 274 1634 Atque
302 1559 330 1614 in
363 1574 446 1630 quem
474 1555 546 1612 cadit
572 1555 735 1630 aegritudo,
762 1553 798 1613 tn
821 1557 939 1613 eundem
961 1556 1053 1613 timor.
1097 1558 1224 1626 Quarum

118 1699 120 1703 »
178 1667 257 1722 *enim
280 1682 372 1722 rerum
395 1663 549 1737 praesentia
571 1679 666 1719 sumus
690 1663 723 1719 in
750 1661 940 1737 aegritudine,
970 1665 1084 1721 easdem
1112 1663 1223 1737 impen-

184 1773 280 1828 dentes
297 1778 330 1827 -et
350 1769 493 1826 uenientes
513 1769 653 1826 timemus.
672 1819 673 1823 ,
695 1769 738 1826 ita
759 1770 807 1843 tit,
836 1776 867 1826 ut
894 1770 1048 1827 fortitudini
1076 1771 1224 1842 aegritudo

184 1856 327 1950 repugnet
365 1875 436 1933 fleri
451 1876 541 1932 simile
558 1882 605 1932 est
625 1876 719 1946 igitur,
742 1875 771 1932 in
788 1893 877 1949 quem
898 1877 976 1933 cadat
996 1877 1153 1952 aegritudo,
1176 1895 1223 1935 ca·

180 1985 251 2040 ‘dere
269 1982 301 2038 in
322 1982 441 2038 eundem
463 1983 590 2039 timorem
620 1989 647 2038 et
668 1980 859 2039 infractionem
881 1983 994 2056 quidem
1016 1983 1101 2040 animi
1123 1989 1151 2041 et
1172 1985 1224 2040 de·

179 2089 353 2147 missionem.
398 2091 474 2158 Quae
494 2088 526 2144 in
548 2106 632 2162 quem
654 2089 769 2164 cadunt,
799 2089 827 2146 in
850 2091 969 2146 eundem
998 2090 1087 2164 cadit,
1108 2096 1141 2146 ut
1162 2107 1221 2148 ser·

181 2188 256 2270 uiat,
278 2195 442 2273 ut3uictum,
466 2196 489 2252 si
512 2197 634 2269 quando,
650 2211 680 2252 se
702 2212 764 2252 esse
785 2196 910 2253 fateatur.
949 2197 1031 2264 Quae
1053 2197 1103 2270 qui
1113 2197 1222 2272 recipit,

184 2303 299 2375 recipiat
319 2302 393 2358 idem
416 2319 531 2358 neccsse
553 2308 595 2358 est
609 2302 784 2359 timiditatem
806 2310 833 2360 et
853 2303 1004 2375 ignauiam.
1036 2304 1100 2360 Nou
1122 2305 1223 2386 cadunt
1259 2281 1265 2286 ’

179 2415 275 2467 autem
297 2409 366 2465 haec
386 2409 416 2466 in
438 2408 530 2465 uirum
549 2409 668 2481 fortem,
691 2408 775 2480 igitur
794 2426 831 2465 ne
847 2410 997 2482 aegritudo
1019 2409 1144 2482 quidem.
1169 2384 1223 2467 ‘nt

181 2533 267 2573 nemo
289 2514 400 2587 sapiens
416 2514 475 2571 nisi
497 2515 586 2572 fortis.
640 2516 704 2572 Non
726 2517 804 2574 cadet
815 2534 883 2589 ergo
905 2515 934 2574 in
957 2516 1107 2588 sapientem
1130 2517 1221 2588 aegri·

183 2625 262 2680 tudo.
306 2619 354 2681 15.
380 2598 529 2679 *Praeterea
555 2637 669 2678 necesse
697 2628 748 2696 cst,
771 2623 819 2696 qni
843 2623 921 2680 tortis
944 2624 995 2695 sit,
1018 2622 1138 2678 eundem
1159 2638 1222 2679 esse

184 2730 277 2801 magni
299 2729 398 2802 animi;
422 2729 469 2802 qui
486 2729 584 2800 anagni
605 2727 689 2784 animi
711 2729 761 2803 sit,
783 2729 934 2804 inuictum;
956 2729 1004 2802 qui
1026 2728 1147 2785 inuictus
1168 2728 1220 2803 sit,

187 2854 251 2894 eum
280 2853 325 2907 res
353 2836 486 2891 humanas
515 2835 657 2908 despicere
692 2841 774 2908 atque
795 2835 867 2893 infra
895 2852 926 2892 se
952 2834 1055 2907 positas
1081 2834 1221 2892 arbitrari.

185 2940 335 3012 Despicere
357 2946 448 2999 autem
469 2958 550 2997 nemo
567 2946 661 3013 potest
682 2958 728 2998 eas
740 2958 807 3016 «res,
828 2948 941 3015 propter
958 2959 1026 3014 quas
1045 2941 1223 3014 aegritudine

184 3047 258 3105 affici
279 3051 378 3118 potest.
423 3048 467 3102 Ex
488 3064 544 3119 quo
567 3046 685 3103 efficitur
713 3047 813 3105 fortem
840 3048 935 3105 uiuam
955 3048 1128 3120 aegritudine
1148 3067 1221 3106 nun·

186 3163 270 3228 quam
291 3152 372 3210 affici.
417 3152 521 3209 Omnes
544 3160 635 3210 autem
662 3153 798 3227 sapientes
821 3156 916 3212 sortes.
958 3156 1022 3212 Non
1043 3156 1116 3214 cadit
1136 3156 1223 3228 igitur

98 3286 102 3293 ¹
185 3261 214 3318 in
237 3259 389 3333 sapientem
410 3260 561 3337 aegritudo.
605 3262 642 3316 Et
662 3262 896 3334 quemadmodum
923 3263 1021 3318 oculus
1042 3264 1222 3320 conturbatus

187 3385 243 3425 non
266 3372 308 3424 est
328 3367 416 3439 probe
438 3366 551 3424 affectus
573 3367 608 3424 ad
630 3384 711 3424 suum
732 3349 1025 3441 munussungendum‚
1048 3375 1076 3424 et
1096 3369 1222 3442 reliquae

187 3481 277 3547 partes
305 3469 428 3531 totumue
456 3491 573 3546 corpus,
603 3479 673 3531 statu
696 3492 781 3549 quum
810 3481 852 3532 est
868 3481 992 3547 motrmt,
1021 3474 1100 3531 deest
1128 3474 1221 3531 officio

186 3599 237 3639 suo
261 3587 289 3638 et
310 3580 433 3655 muneri,
464 3579 505 3636 sic
527 3582 705 3639 conturbatus
728 3581 836 3640 animus
857 3552 914 3640 non
933 3587 978 3640 est
997 3587 1076 3654 aptus
1097 3576 1134 3637 a'd
1154 3597 1221 3638 ene-

253 3791 376 3857 quidem)
402 3806 451 3842 om.
470 3794 501 3843 n.
547 3791 586 3845 14.
604 3787 674 3847 idem
692 3794 746 3861 est)
764 3796 832 3846 idern
850 3794 917 3846 Non.
932 3809 961 3864 p.
980 3791 1050 3845 443.
1086 3792 1223 3858 toqrreudt)

186 3875 342 3936 loquentium
360 3877 426 3928 Non.
445 3878 460 3926 l.
480 3879 512 3927 t..
523 3885 562 3928 est
577 3880 674 3944 fidens)
691 3886 731 3930 est
747 3881 877 3931 confidens
886 3879 952 3929 Non.
979 3875 1121 3942 confidere)
1138 3879 1222 3928 fidens

78 3955 90 3966 ‘
187 3959 253 4009 Non.
296 3959 401 4026 nsque)
427 3960 505 4034 Atqui
525 3963 555 4012 0.
600 3962 722 4028 quidem)
747 3957 791 4014 'Sic
813 3964 916 4026 Non.p
945 3960 1008 4011 m.
1032 3964 1161 4023 quandam
1188 3960 1221 4012 0.

188 4044 261 4093 cadet
277 4043 350 4108 ergo)
368 4046 435 4095 eadit
453 4032 512 4108 ergo
531 4047 561 4097 0.
601 4047 639 4097 15.
658 4048 701 4109 qui
715 4040 805 4110 'magni
822 4047 912 4108 enimi)
931 4046 1052 4096 om.1tP.
1086 4048 1153 4113 attici
1170 4059 1221 4110 po·

187 4132 288 4178 test-
304 4129 474 4195 aegritudine)
492 4144 541 4181 om.
559 4131 589 4181 P.
624 4129 796 4196 iungendum)
813 4131 953 4194 fugendum
970 4130 1000 4180 Ρ.
