2610 4634
191 260 235 325 44
409 276 639 328 ruscunsu.
661 273 1009 321 orsrurnrrouuu

192 467 289 541 Uides,
312 472 414 542 quanto
435 465 503 525 haec
524 467 553 525 in
575 481 672 524 errore
692 471 857 540 uersentur3
887 471 1000 539 portum
1020 480 1083 524 esse
1105 466 1230 540 corporis

192 581 220 631 et
241 573 415 647 requiescere
437 575 467 632 in
488 577 615 648 sepulcro
638 579 714 648 putat
734 579 883 630 mortuum.
917 573 1020 645 Magna
1041 575 1124 647 culpa
1145 575 1229 633 Pelo·

191 682 246 755 pis,
269 681 316 755 qui
339 698 394 738 non
417 682 548 738 erudierit
569 682 657 738 filiurn
678 698 730 738 nec
751 679 886 755 docuerit,
906 661 1039 752 quotenus
1060 689 1134 740 esset
1150 682 1229 756 quic·

191 806 246 864 que
267 791 427 847 curandum.

274 897 361 953 XLV.
375 893 445 979 108.
469 896 525 953 Sed
547 895 615 970 quid
637 896 811 968 singulomm
833 895 978 968 opiniones
1000 895 1228 974 animaduertom,

190 1003 333 1061 nationum
353 1003 445 1060 uarios
467 1021 577 1061 errores
598 1003 756 1078 perspicere
778 1020 864 1076 quum
885 1001 987 1060 liceatl
1011 1003 1151 1061 Condiunt
1172 1005 1228 1063 Ae·

190 1110 278 1183 gyptii
298 1117 424 1167 mortuos
453 1118 480 1168 et
506 1127 555 1169 eos
585 1117 695 1168 semaut
722 1109 815 1183 domi3
843 1090 945 1168 Persae
973 1113 1055 1169 etiam
1082 1129 1146 1170 cera
1173 1112 1228 1169 cir-

189 1218 317 1276 cumlitos
346 1218 484 1288 condunt,
513 1223 544 1275 nt
570 1234 652 1291 quam
674 1217 793 1274 maxime
814 1226 993 1289 permaneant
1014 1220 1143 1277 diuturna
1164 1236 1227 1276 cor·

182 1341 267 1398 pora.
310 1326 459 1397 Magorum
479 1341 541 1382 mos
563 1331 605 1382 est
626 1342 683 1382 non
704 1325 819 1381 humare
841 1342 958 1398 corpora
980 1343 1113 1399 suorum,
1136 1325 1190 1383 nisi
1212 1343 1229 1384 a

189 1433 255 1492 feris
278 1434 333 1490 sint
353 1439 415 1489 ante
437 1433 547 1490 laniata.
590 1434 623 1488 ln
645 1432 784 1505 Hyrcania
810 1433 890 1504 plebs
913 1433 1041 1516 publicos
1062 1434 1112 1491 alit
1132 1450 1226 1507 canes,

190 1543 335 1616 optimates
357 1540 540 1614 domesticos3
567 1539 663 1596 nobile
685 1546 776 1596 autern
798 1555 887 1611 genus
910 1557 1009 1598 canum
1032 1541 1101 1597 illud
1124 1541 1226 1599 scimus

86 1684 88 1689 ·
188 1667 267 1723 esse3
295 1651 345 1706 sed
372 1665 424 1721 pro
447 1665 496 1704 sua
518 1646 636 1720 quisque
657 1647 785 1709 facultate
806 1654 899 1720 parat,
927 1665 943 1704 a
971 1649 1073 1722 quibus
1095 1648 1225 1720 lanietur,

188 1773 305 1830 eamque
326 1755 458 1827 optimam
479 1754 522 1810 illi
549 1770 610 1810 esse
638 1760 753 1810 censent
780 1755 960 1827 sepulturam.
1003 1756 1146 1812 Permulta
1172 1754 1226 1814 alia

188 1863 294 1934 colligit
315 1862 505 1936 Chrysippus,
527 1867 558 1917 ut
579 1867 622 1918 est
641 1861 670 1917 in
693 1860 768 1917 omni
797 1860 912 1918 historia
940 1864 1082 1937 curiosus3
1111 1862 1162 1919 sed
1189 1861 1227 1920 ita

187 1975 272 2026 taetra
294 1975 358 2025 sunt
380 1969 525 2042 quaedam,
547 1973 578 2024 ut
599 1985 631 2024 ea
653 1967 740 2038 fugiat
761 1974 788 2024 et
810 1968 973 2026 reformidet
994 1969 1091 2027 oratio.
1136 1970 1225 2026 Totus

186 2075 272 2148 igitur
293 2075 337 2132 bic
360 2077 437 2133 locus
461 2082 503 2134 est
524 2077 740 2133 contemnendus
763 2076 791 2131 in
812 2076 905 2149 nobis,
923 2094 979 2134 non
998 2076 1225 2149 negligendusiu

186 2183 305 2257 nostris3
339 2185 375 2241 ita
402 2191 509 2257 tamen,
534 2164 573 2240 'nt
598 2190 772 2241 mortuorum
799 2200 916 2256 corpora
943 2185 1012 2241 nibil
1042 2184 1145 2241 sentire
1165 2183 1225 2241 uiui

186 2290 345 2348 sentiamus.
390 2290 460 2351 109.
490 2293 628 2360 Quantum
656 2299 747 2348 autern
769 2289 965 2349 consuetudini
986 2292 1132 2365 famaeque
1154 2292 1215 2348 dan·

185 2398 253 2456 dnm
273 2399 320 2471 sit,
342 2399 371 2455 id
393 2406 489 2456 curent
510 2400 579 2471 uiui,
602 2398 651 2456 sed
672 2399 720 2471 ita,
741 2405 772 2454 ut
791 2398 945 2470 intelligant
965 2399 1035 2456 nibil
1052 2400 1080 2455 id
1098 2398 1134 2456 ad
1146 2415 1223 2456 mor-

184 2512 248 2564 tuos
264 2508 417 2580 pertinere.

271 2616 328 2672 Sed
349 2615 473 2690 profecto
496 2631 572 2672 mors
592 2620 652 2672 tum
673 2612 842 2687 aequissimo
859 2613 952 2671 animo
974 2613 1124 2688 oppetitur,
1137 2626 1224 2686 quum

185 2720 244 2779 suis
266 2739 296 2779 se
318 2724 446 2780 laudibus
469 2724 524 2780 uita
546 2722 675 2779 occidens
702 2721 841 2778 consolari
870 2728 970 2795 potest
1012 2722 1102 2778 Nemo
1124 2737 1224 2795 parum

186 2822 345 2904 diu2uixit,
373 2831 421 2903 qui
449 2830 556 2886 uirtutis
583 2831 721 2901 perfectae
749 2829 872 2901 perfecto
901 2828 1012 2885 functus
1035 2835 1077 2885 est
1097 2844 1223 2886 munere.

185 2935 275 2993 Multa
301 2937 370 2993 milri
391 2937 446 3011 ipsi
467 2937 502 2993 nd
524 2943 642 2993 mortem
671 2935 834 3008 tempestiua
855 2937 983 3008 fuerunt,
1013 2952 1096 3010 quarn
1117 2934 1224 2992 utinam

183 3043 336 3115 potuissem
358 3045 452 3102 obire!
481 3045 560 3101 Nihil
582 3044 656 3099 enim
677 3043 731 3099 iarn
753 3043 962 3115 acquirebatur,
985 3045 1122 3100 cumulata
1144 3048 1224 3099 erant

149 3179 152 3184 ·
183 3150 274 3207 oflicia
296 3152 379 3225 uitae,
401 3172 464 3212 cum
490 3153 599 3209 fortuna
620 3152 695 3207 bella
717 3151 864 3208 restabant.
907 3153 999 3220 Quare
1020 3150 1045 3207 si
1068 3150 1129 3222 ipsa
1150 3151 1223 3208 ratio

182 3257 275 3317 miuus
301 3258 441 3332 perficiet,
470 3263 500 3314 ut
526 3266 643 3316 mortem
670 3259 813 3331 negligere
835 3258 993 3330 possimus3
1024 3265 1052 3314 at
1077 3257 1134 3314 uita
1161 3263 1224 3315 acta

183 3367 317 3439 perficiat,
338 3372 369 3423 ut
390 3367 456 3423 satis
479 3383 618 3439 superque
640 3366 744 3423 uixisse
766 3365 919 3424 uideamur.
959 3366 1123 3438 Quanquam
1144 3364 1223 3422 euim

184 3491 284 3532 seusus
306 3474 421 3546 abierit,
444 3481 534 3531 tamen
557 3474 672 3530 summis
694 3480 722 3529 et
742 3473 862 3546 propriis
886 3474 967 3529 bonis
990 3473 1079 3530 laudis
1107 3477 1135 3527 et
1156 3473 1221 3543 glo-

182 3582 250 3654 riae,
273 3583 400 3656 quamuis
422 3601 478 3641 nou
500 3582 627 3653 sentiant,
648 3581 750 3638 mortui
771 3597 827 3636 non
844 3586 947 3637 carent.
979 3579 1041 3637 Etsi
1057 3579 1132 3636 enim
1148 3579 1221 3637 nibil

164 3689 266 3769 'habet
286 3691 315 3748 in
337 3708 367 3748 se
389 3690 491 3762 gloria,
513 3706 562 3745 cur
583 3695 736 3762 expetatur,
753 3694 845 3744 tamen
861 3687 991 3744 uirtutem
1007 3693 1137 3761 tauquam
1154 3704 1220 3744 um-

251 3962 309 4013 loo.
326 3964 468 4028 Hyrcania)
486 3963 607 4016 flireania
624 3962 658 4015 m
694 3960 975 4024 murmurantibus
991 3963 1025 4014 ll.
1066 3963 1122 4013 too
1138 3976 1219 4026 quom

179 4046 289 4110 utinam)
306 4060 373 4111 quoe
390 4055 426 4099 ut.
443 4049 477 4099 R.
507 4050 537 4101 a*
977 4047 1032 4103 ιθ.
1079 4049 1176 4115 hedis)
1194 4055 1222 4099 et

181 4133 264 4185 landis
284 4131 317 4185 0.
351 4140 425 4199 uper
