2610 4634
454 280 529 326 urs.
552 269 602 325 lll.
646 280 728 350 car.
750 266 864 327 s-to.
1133 268 1176 331 87

137 471 285 544 bibemur3
317 471 400 542 potita
427 470 472 526 ius
499 485 581 526 suum
609 470 697 534 tenuit
725 476 756 527 et
780 468 851 545 dixit
870 467 1010 529 audacius.
1054 470 1092 527 X.
1124 469 1176 530 21.

95 619 99 625 ·
136 577 220 637 Cadit
240 573 326 648 igitur
345 576 375 633 iu
397 575 517 632 eundem
538 581 566 631 et
586 574 714 632 misereri
735 581 763 631 et
783 575 919 652 inuidere.
961 576 1033 632 Nam
1054 577 1103 650 qui
1125 579 1177 636 do·

136 687 177 742 let
199 685 285 740 rebus
306 683 424 740 alicuius
446 681 582 753 aduersis,
605 680 807 739 idemalicuius
829 661 910 739 etiam
932 683 1062 739 secundis
1084 683 1177 757 dolet;
1259 728 1262 735 ,

134 797 168 849 ut
194 790 420 862 Theophrastus,
448 783 590 845 interitum
618 787 767 861 deplorans
797 789 973 846 Callisthenis
995 788 1099 845 sodalis
1122 791 1176 863 sui,

135 898 223 955 rebus
250 896 402 954 Alexandri
431 911 574 968 prosperis
603 897 734 970 angitur;
765 897 857 968 itaque
885 895 951 953 dicit
980 894 1177 952 Callisthenem

136 978 272 1062 incidisse
292 1004 323 1061 ia
350 1003 492 1059 bominem
515 1018 623 1058 summa
644 1003 766 1074 potentia
788 1001 1097 1085 summaque-fortuna,
1127 1004 1177 1077 sed
1212 1007 1221 1021 ⁸

134 1109 283 1183 ignarum,
304 1109 537 1183 quemadmodum
560 1110 651 1166 rebus
667 1109 796 1166 secundis
818 1110 858 1166 uti
880 1110 1049 1166 conueniret.
1092 1109 1177 1183 Atqui

137 1217 374 1290 qrremadmodum
396 1215 588 1275 misericordia
603 1217 746 1288 aegritudo
768 1223 810 1273 est
831 1234 866 1272 ex
887 1217 999 1273 alterius
1021 1217 1105 1272 rebus
1127 1216 1176 1273 ad·

135 1323 245 1396 uersis,
267 1323 308 1380 sic
328 1322 481 1380 inuidentia
510 1324 654 1395 aegritudo
677 1329 719 1379 est
740 1341 775 1378 err
796 1323 908 1379 atterius
931 1325 1014 1380 rebus
1036 1324 1175 1382 secundis.

134 1430 170 1487 ln
191 1446 274 1503 quem
295 1428 381 1501 igitur
401 1429 475 1487 cadit
489 1429 626 1501 misereri,
646 1408 677 1485 'in
700 1429 820 1485 eundem
842 1428 923 1486 etiarn
944 1430 1079 1487 inuidere.
1113 1431 1176 1486 Non

135 1535 210 1593 cadit
236 1541 329 1593 auteur
354 1535 480 1593 inuidere
502 1536 531 1592 in
556 1536 724 1611 sapientem:
757 1552 825 1607 ergo
848 1552 883 1591 ne
905 1535 1030 1593 misereri
1052 1536 1175 1609 quidem.

135 1644 220 1712 Quod
255 1643 282 1699 si
307 1658 390 1714 aegre
419 1641 493 1698 lehre
521 1642 632 1714 sapiens
661 1645 779 1716 soleret,
812 1641 938 1699 misereri
961 1642 1042 1699 etiam
1063 1644 1174 1699 soleret.
1268 1653 1271 1660 '

133 1750 224 1807 Abest
244 1766 316 1822 ergo·
333 1766 350 1806 a
371 1748 496 1821 sapiente
517 1748 671 1820 aegritudo.

219 1853 272 1914 22.
300 1856 380 1911 Haec
409 1855 450 1912 sie
471 1854 600 1912 dicuntur
621 1872 637 1912 a
660 1854 764 1913 Stoicis
783 1832 1041 1930 concludunturque
1063 1863 1174 1914 contor-

133 1960 200 2019 tius.
250 1962 310 2019 Sed
327 1961 409 2019 latius
430 1962 571 2034 aliquanto
600 1962 717 2019 dicenda
739 1968 803 2019 sunt
825 1969 852 2019 et
871 1962 1009 2036 diffusius,
1032 1963 1174 2021 sententiis

134 2074 228 2127 umen
248 2069 382 2125 utendum
402 2084 502 2125 eorum
523 2067 712 2143 potissimum,
731 2071 779 2143 qui
800 2061 918 2126 maxirr're
940 2069 1006 2126 lorti
1028 2076 1064 2144 et,
1087 2077 1117 2126 ut
1137 2046 1175 2128 ita

134 2175 236 2248 dicam,
259 2173 334 2231 uirili
355 2180 468 2231 utuntur
488 2175 597 2231 ratione
616 2181 697 2248 atque
720 2175 862 2232 sententia.
905 2176 975 2231 Nam
988 2175 1172 2251 Peripatetici,

107 2303 110 2309 ·
133 2281 285 2339 familiares
307 2279 411 2354 nostri,
434 2282 536 2354 quibus
558 2280 628 2336 nihil
650 2287 692 2338 est
713 2281 838 2355 uberius,
862 2281 1105 2353 nihil‘eruditius,
1127 2281 1171 2338 ni·

132 2387 175 2445 hil
204 2385 335 2460 grauius,
364 2388 568 2453 mediocritates
590 2390 638 2445 uel
669 2387 907 2460 perturbationum
934 2390 981 2446 uel
1010 2389 1173 2446 morborum
1285 2434 1287 2439 >

133 2493 220 2551 animi
241 2493 309 2550 mibi
329 2487 388 2550 uon
411 2511 476 2551 sane
498 2495 626 2567 probant.
671 2494 762 2553 Omne
784 2495 859 2551 enim
870 2497 984 2568 malum,
1008 2495 1090 2552 etiam
1112 2491 1175 2552 me*-

132 2601 246 2675 diocre,
273 2602 379 2657 malum
404 2608 465 2676 est3
497 2618 551 2658 nos
572 2608 664 2658 autem
686 2601 715 2657 id
743 2601 867 2674 agimus,
896 2608 926 2657 ut
948 2601 976 2656 id
999 2602 1030 2657 in
1050 2602 1172 2673 sapiente

130 2709 242 2766 nullum
263 2708 299 2765 sit
320 2708 444 2765 omniuo.
487 2707 559 2764 Nam
580 2714 611 2763 ut
642 2723 754 2778 corpus,
777 2707 859 2763 etiam
881 2722 905 2763 sr
927 2706 1103 2763 mediocriter
1123 2724 1174 2764 ae·

132 2831 216 2887 grum
237 2821 294 2888 est,
317 2831 415 2872 sanum
436 2830 492 2870 non
514 2820 571 2884 est,
594 2813 634 2869 sic
655 2813 685 2870 irr
712 2813 803 2870 animo
826 2812 882 2870 ista
900 2812 1081 2870 mediocritas
1098 2820 1176 2870 earet

131 2921 256 3007 sanitate.
288 2922 385 2993 ltaque
406 2922 549 2992 praeclare
568 2921 665 2993 nostri,
682 2920 784 2977 utalia
804 2922 899 2993 mulla,
923 2919 1089 2993 molestiam,
1112 2923 1175 2977 sol·

131 3026 315 3101 libitudinem,
338 3043 472 3098 angorem
493 3033 608 3100 propter
619 3026 829 3083 similitudinem
849 3043 998 3099 corporum
1022 3043 1176 3098 aegrorum.

131 3133 335 3204 aegritudinem
345 3133 570 3189 uominauerunt.
599 3131 650 3191 23.
673 3135 736 3189 Hoc
746 3135 950 3205 propemodum
972 3134 1059 3190 uerbo
1072 3135 1175 3190 Graeci.

130 3254 244 3297 omnem
272 3239 357 3296 animi
384 3238 619 3311 perturbationem
649 3241 808 3312 appellant5
838 3246 939 3297 uocant
959 3222 1033 3297 ehim
1055 3225 1175 3313 ποίθος,1
1216 3292 1219 3299 ,

129 3345 161 3403 id
182 3352 226 3402 est
245 3347 386 3418 morbum,
409 3346 569 3418 quicunque
591 3352 633 3403 est
651 3353 753 3404 motus.
765 3347 794 3402 in
816 3346 908 3404 animo
931 3346 1070 3402 turbidus.
1110 3347 1175 3401 Nos

129 3451 252 3525 nahusa
270 3453 366 3523 aegris.
384 3452 461 3509 enim
480 3452 650 3525 corporibus
673 3453 814 3509 simillima
837 3452 926 3508 animi}
943 3457 987 3507 est
1006 3450 1173 3522 aegrimdoa

129 3563 159 3615 at
174 3575 232 3616 non
254 3558 353 3616 similis
375 3557 570 3631 aegrotationis
593 3564 636 3615 est
656 3558 757 3631 libido,
777 3575 835 3614 non
854 3556 1037 3614 irnmoderata
1055 3555 1173 3628 laetitia,

195 3758 417 3828 damnareris
435 3776 567 3842 inuidere)
580 3777 699 3828 inuidere
715 3784 741 3827 et
757 3777 872 3827 misereri
886 3776 915 3825 Ρ.
950 3775 1073 3826 secundas
1089 3776 1168 3839 dont)

128 3870 182 3909 seo.
200 3859 265 3910 solet
278 3859 333 3910 ΒΡ.
369 3859 544 3926 Callisthenis)
555 3862 704 3912 Callistheni
714 3862 768 3912 Οω
783 3858 869 3924 aegre)
887 3861 941 3910 bec
957 3861 1047 3911 reRP.
1073 3859 1116 3910 22.
1130 3862 1174 3910 sic·

129 3942 259 4017 denotor)
275 3945 299 3993 si
316 3944 439 3994 dic.ll1’.
465 3946 608 4010 aliquanto)
625 3947 761 4007 aliquando
772 3946 824 3999 ΒΡ.
860 3945 955 3994 matum
975 3943 1027 4004 est)
1045 3957 1171 4005 magnum-

130 4026 231 4076 ostRP.
265 4028 292 4076 in
310 4028 448 4093 sapiente)
464 4032 602 4092 insipiente
619 4031 649 4079 P.
684 4028 745 4094 ista)
763 4029 840 4078 habet
855 4031 924 4079 inter
940 4030 986 4080 lla.
1004 4030 1033 4079 P.
1067 4028 1172 4079 tasi-

128 4109 214 4176 nilis)
230 4112 332 4162 similes
349 4113 381 4162 tr.
416 4113 608 4177 aegrotationis)
625 4114 810 4177 aegrotationes
826 4113 881 4164 ΗΡ.
1212 4112 1220 4123 ’

1092 4226 1102 4275 1Ι
