2610 4634
432 265 506 310 ure.
530 231 580 308 Ν.
625 266 707 311 car.
735 250 866 312 tt-15.
1110 252 1170 313 127

132 456 267 513 incidunt.
322 452 373 512 32.
403 457 479 512 lutor
506 461 601 511 acutos
628 461 720 511 autem
747 461 774 510 et
801 456 873 512 inter
905 455 1171 532 hebetesinterest,

131 563 209 636 quod
231 561 387 634 ingeniosi,
416 567 447 618 ut
474 578 520 618 aes
548 560 722 617 Corinthium
750 561 778 617 iu
807 561 984 636 aeruginem,
1012 564 1052 620 sic
1079 565 1121 621 illi
1144 567 1172 622 iu

129 671 263 727 morbum
287 675 314 725 et
335 668 460 726 incidunt
480 666 585 724 tardius
607 676 633 725 et
661 674 821 724 recreantur
849 669 941 742 ocius,
970 669 1083 728 hebetes
1114 690 1171 729 nou

129 779 208 835 item.
252 777 310 833 Nec
331 793 400 831 uero
422 775 452 830 in
474 792 585 849 omqem
607 776 736 832 morbum
754 792 786 831 ac
807 774 1040 848 perturbationem
1063 778 1171 837 animus

89 892 91 896 '
130 883 271 956 ingeniosi
294 883 381 954 cadit3
403 898 460 938 non
482 881 595 938 enimin
611 882 666 938 ulla
689 882 800 938 ellerata
820 888 847 938 et
868 883 1013 957 immania;
1037 887 1172 958 quaedam

129 999 224 1048 autem
247 989 422 1046 humanitatis
445 1005 557 1061 quoque
581 989 681 1044 babent
703 988 821 1060 primam
843 990 981 1062 speciem,
1009 998 1040 1048 ut
1061 992 1171 1049 miseri-

129 1099 245 1172 cordia,
268 1096 430 1168 aegritudo,
451 1101 551 1151 metus.
594 1095 807 1166 Aegrotationes
829 1104 919 1152 autem
942 1097 1089 1170 morbique
1111 1101 1171 1183 ani·

129 1221 243 1262 morum
265 1203 406 1259 difficilius
429 1201 512 1257 euelli
535 1219 618 1274 posse
641 1208 770 1274 putantur
792 1221 875 1276 quam
897 1220 1004 1259 summa
1024 1204 1072 1262 illa
1094 1206 1170 1280 uitia,

125 1329 205 1386 quae
226 1309 382 1367 uirtutibus
397 1315 461 1365 scrut
481 1309 626 1366 contraria.
670 1309 778 1366 Morbis
806 1309 880 1364 euim
907 1312 1081 1370 manentibus
1103 1314 1170 1372 uitia

130 1420 240 1477 sublata
261 1434 323 1473 esse
345 1421 472 1488 possunt,
495 1414 559 1488 quia
581 1414 610 1471 bi
632 1432 690 1471 non
712 1423 766 1470 tam
788 1415 915 1472 celeriter
936 1426 1074 1492 sanantur,
1087 1437 1170 1493 quam

129 1527 180 1584 illa
202 1526 343 1581 tolluntur.
393 1518 445 1579 33.
476 1521 572 1578 Habes
595 1539 642 1591 ea,
672 1522 743 1594 qirae
768 1523 802 1577 de
826 1523 1077 1595 perturbationibus
1100 1546 1170 1584 enu-

130 1635 221 1689 cleate
243 1630 382 1704 disputant
405 1627 507 1701 Stoici,
532 1645 602 1700 quae
624 1630 715 1699 logica
737 1631 887 1701 appellant,
909 1630 975 1703 quia
997 1631 1172 1691 disseruntur

130 1738 272 1797 subtilius.
315 1737 359 1793 Ex
381 1734 482 1808 quibus
505 1735 636 1807 quoniam
659 1740 787 1807 tauquam
810 1753 844 1791 ex
867 1738 1039 1809 scrupulosis
1061 1740 1170 1799 cotibus

131 1843 292 1916 enauigauit
312 1842 411 1914 oratio,
434 1842 559 1915 reliquae
575 1840 766 1913 disputationis
779 1859 891 1900 cursum
908 1848 1067 1920 teneamus;
1085 1849 1169 1906 modo

131 1950 198 2009 satis
220 1951 269 2008 illa
292 1949 412 2006 dilucide
435 1948 586 2005 dixerimus
608 1966 659 2021 pro
681 1952 775 2004 re'rum
791 1949 967 2007 obscuritate.
1000 1954 1035 2011 A.
1047 1955 1167 2012 Prorsus

131 2059 218 2132 satis;
251 2058 301 2114 sed
329 2056 352 2113 si
381 2073 451 2129 quae
478 2055 637 2127 diligentius
659 2061 740 2111 eruut
761 2059 969 2132 cognoscenda,
1003 2077 1169 2131 quaeremus

130 2164 217 2238 alias3
246 2181 319 2221 nunc
341 2166 413 2230 uela,
436 2180 507 2236 quae
528 2164 611 2219 modo
634 2162 757 2233 dicebas,
780 2171 955 2234 expectamus
978 2172 1005 2221 et
1026 2183 1147 2223 cursum.

217 2272 282 2330 XV.
309 2268 360 2330 34.
389 2271 428 2328 Μ.
451 2270 569 2338 Quando
592 2276 618 2325 et
640 2268 700 2324 aliis
724 2268 792 2324 locis
808 2260 850 2324 'de
874 2269 976 2327 uirtute
998 2240 1118 2330 diximus
1142 2279 1170 2330 et

131 2396 216 2453 saepe
248 2379 395 2437 dicendum
424 2377 475 2433 erit
507 2371 675 2454 (pleraeque
704 2374 777 2431 enim
806 2376 999 2450 quaestiones,
1033 2396 1104 2452 quae
1133 2381 1169 2437 ad

131 2487 219 2544 uitam
240 2484 562 2558 moresque-pertinent,
591 2500 606 2539 a
629 2482 738 2539 uirtutis
761 2481 837 2538 fonte
859 2483 1034 2559 ducuntur),
1057 2487 1168 2560 quando

131 2594 217 2666 igitur
238 2594 327 2650 uirtus
355 2600 396 2649 est
417 2592 525 2649 allectio
547 2589 632 2646 animi
655 2596 783 2646 constans
805 2589 1045 2663 conueniensque,
1071 2594 1167 2651 lauda·

127 2703 205 2760 biles
227 2699 351 2757 efficiens
374 2717 438 2772 eos,
468 2699 497 2754 in
525 2697 627 2770 quibus
650 2703 707 2767 est,
740 2702 767 2752 et
793 2696 852 2767 ipsa
874 2714 925 2768 per
947 2714 977 2754 se
999 2715 1048 2755 sua
1070 2706 1169 2770 sponte

132 2815 256 2881 separata
279 2807 361 2864 etiam
383 2807 498 2862 utilitate
521 2803 678 2876 laudabilis,
696 2820 730 2859 ex
753 2821 785 2861 ea
807 2803 1020 2876 proficiscuntur
1037 2805 1169 2864 honestae

126 2917 299 2980 uoluntates,
322 2913 482 2985 sententiae,
508 2911 629 2967 actiones
653 2911 798 2984 omnisque
815 2918 889 2968 recta
902 2911 987 2985 ratio;
1011 2930 1169 2986 quanquam

132 3023 193 3096 ipsa
215 3023 303 3079 uirtus
333 3009 509 3077 breuissime
526 3025 599 3074 recta
628 3017 697 3075 ratio
725 3018 780 3074 dici
808 3025 905 3091 potest
960 3018 1052 3076 Huius
1085 3019 1170 3092 igitur

130 3129 242 3188 uirtutis
264 3128 400 3185 contraria
421 3133 463 3183 est
484 3125 618 3206 uitiositas
651 3125 707 3193 (sic
736 3125 808 3182 enim
836 3129 909 3182 malo
932 3143 1014 3198 quam
1036 3128 1168 3185 malitiam

131 3237 274 3310 appellare
304 3252 380 3308 eam,
408 3251 491 3306 quam
520 3232 618 3289 Gracci
646 3225 762 3289 κακίαν
791 3235 947 3305 appellant;
980 3251 1044 3290 iram
1066 3235 1169 3292 malitia

130 3343 199 3401 certi
222 3341 364 3399 cuiusdam
386 3341 435 3398 uiti
457 3357 558 3397 nomen
581 3345 632 3411 est,
655 3338 788 3395 uitiositas
811 3339 962 3411 omnium),
982 3357 1016 3394 ex
1034 3357 1168 3411 quacou·

130 3454 250 3508 citamur
270 3449 502 3522 perturbationes,
524 3462 595 3520 quae
620 3451 692 3516 sunt,
715 3451 745 3501 ut
765 3447 860 3516 paullo
882 3452 944 3501 onte
958 3444 1089 3519 diximus,
1106 3451 1168 3503 tur-

131 3589 436 3604 —————·-·-

199 3675 243 3726 tlz.
262 3675 327 3725 lutor
345 3670 460 3735 hebetes)
477 3673 580 3722 hebetes
599 3670 630 3723 0.
666 3669 823 3733 aeruginem)
843 3670 963 3732 aerugine
972 3671 1026 3721 ΒΡ.
1061 3672 1087 3721 in
1105 3672 1167 3734 ullo)

130 3763 214 3812 multe
236 3760 291 3810 ΒΡ.
334 3756 455 3821 efferata)
480 3758 613 3819 tre-flerem
635 3757 664 3806 P.
712 3757 810 3807 sublata
833 3755 911 3820 esse)
934 3769 992 3806 esse
1018 3756 1116 3807 sublata
1136 3759 1166 3809 Ρ.

130 3844 251 3908 possunt)
270 3858 320 3894 uon
338 3847 446 3904 possunt
461 3842 514 3892 ΒΡ.
549 3843 608 3903 quia
626 3841 663 3903 bi)
682 3841 743 3902 quio
763 3842 815 3891 ΒΡ.
832 3842 877 3904 qui
887 3841 919 3894 0.
944 3840 987 3893 33.
1004 3840 1041 3889 Er
1059 3841 1168 3907 quibus)

133 3929 252 3992 equibus
261 3929 290 3978 Ρ.
310 3926 401 3989 logica)
412 3927 476 3976 loica
486 3927 515 3976 Ρ.
539 3939 568 3976 ex
580 3926 749 3988 scrupulosis)
761 3940 790 3977 er
798 3926 938 3988 scruplosis
947 3926 978 3975 It.
1005 3928 1167 3988 escruplosis

131 4014 163 4069 Ρ.
188 4012 346 4075 escruposis
364 4011 395 4062 0.
431 4012 453 4060 si
472 4013 547 4072 quae)
565 4012 588 4060 si
606 4024 655 4073 que
673 4012 726 4060 ΒΡ.
763 4011 784 4059 si
807 4022 855 4072 qua
875 4010 906 4060 0.
940 4008 983 4058 sl.
1001 4011 1125 4077 diximus)
1142 4019 1168 4062 ot

132 4099 245 4149 diximus
261 4097 314 4148 nr.
350 4094 466 4162 uirtutis)
485 4096 566 4147 uirtus
584 4096 628 4145 ltP
673 4093 844 4160 concitentur)
861 4095 1002 4159 cogitentur
1017 4096 1071 4146 ΒΡ.
