2610 4634
174 287 196 346 t
389 287 984 360 rosensemnrsrurar‘ronun

175 489 289 563 copiose
310 497 406 563 posset
427 500 577 567 ornateque
599 493 702 566 dicere,
715 492 744 548 in
762 510 845 566 quam
862 495 1087 552 exercitationem
1105 497 1142 554 ita
1161 515 1212 556 nos

175 598 297 654 studiose
328 597 471 670 dedimus,
500 603 530 653 ut
558 597 612 654 iam
636 600 717 655 ctiam
739 602 848 657 scholas
869 602 1038 659 Graecorum
1060 622 1140 661 more
1161 607 1211 662 ba·

176 705 241 760 bere
258 705 432 760 auderemus.
469 704 503 759 Ut
524 721 613 780 {ruber
634 713 712 762 tuum
735 715 799 778 post
820 708 974 765 discessum
997 710 1027 765 in
1051 711 1212 770 Tusculano

174 828 260 884 quum
281 817 375 868 esseut
396 811 553 881 complures
576 828 684 868 mecum
707 813 875 887 familiares,
897 791 1010 890 tentaui,
1032 818 1100 889 quid
1126 819 1154 875 in
1177 837 1213 876 eo

173 935 275 990 genere
302 933 423 990 possem.
473 919 509 974 Ut
536 918 610 974 enim
637 927 717 975 antea
744 921 953 977 declamitabam
985 940 1099 998 causas,
1134 927 1211 998 quod

172 1041 266 1107 nemo·
283 1041 328 1080 me
356 1023 458 1080 diutius
486 1025 567 1098 feeit,
596 1027 636 1082 sie
663 1027 731 1082 baec
752 1028 821 1083 mibi
842 1046 915 1084 nunc
936 1029 1030 1086 senilis
1053 1038 1096 1087 est
1116 1034 1210 1090 decla·

171 1130 264 1188 matio.
303 1132 411 1188 Ponere
433 1131 573 1205 iubebam,
596 1134 630 1188 de
654 1151 710 1205 quo
732 1134 794 1206 quis
816 1135 912 1190 audire
933 1137 1092 1208 uellet;.ad
1113 1138 1142 1195 id
1164 1145 1211 1197 aut

171 1239 272 1294 sedens
298 1244 345 1294 aut
371 1238 514 1295 ambulans
543 1239 725 1311 disputabam.
769 1239 798 1298 8.
822 1243 918 1314 ltaque
947 1242 1056 1298 dierum
1084 1244 1211 1318 quinque
1283 1238 1287 1246 ’

120 1413 125 1422 .
171 1346 290 1418 scholas,
312 1351 343 1402 ut
363 1345 461 1401 Graeci
483 1347 632 1418 appellant,
656 1346 684 1402 in
706 1348 825 1404 totidem
847 1348 936 1404 libros
957 1349 1070 1406 contuli.
1114 1352 1210 1411 Flebat

170 1459 261 1508 autem
282 1451 335 1526 ita,
358 1459 403 1525 ut,
426 1470 512 1525 quum
534 1453 577 1526 is,
605 1454 652 1526 qui
674 1455 772 1511 andire
794 1456 889 1528 uellet,
912 1455 1040 1530 dixisset,
1065 1458 1133 1530 quid
1156 1459 1210 1516 sibi

169 1558 325 1632 uideretur,
355 1565 414 1616 tum
441 1578 496 1632 ego
517 1567 611 1617 contra
632 1561 763 1617 dicerem.
805 1563 884 1618 Haec
905 1570 947 1618 est
973 1563 1062 1637 enim,
1090 1572 1122 1621 ut
1143 1567 1210 1642 scis,

170 1674 248 1723 uetus
271 1673 297 1722 et
325 1666 463 1723 Socratica
490 1670 560 1723 ratio
588 1674 682 1723 contra
711 1667 822 1724 alterius
848 1668 1010 1740 opinionem
1032 1670 1206 1747 disserendi;

168 1789 231 1828 narn
255 1773 290 1829 ita
312 1772 459 1845 facillime,
490 1774 556 1846 quid
578 1775 639 1830 ueri
670 1775 842 1831 simillimum
864 1784 952 1847 esset,
981 1776 1101 1834 inueniri
1123 1798 1209 1852 posse

169 1880 296 1936 Socrates
319 1881 510 1938 arbitrabatur.
544 1882 599 1938 Sed
619 1899 676 1953 quo
695 1882 868 1939 commodius
886 1882 1085 1954 disputationes
1096 1895 1207 1946 nostrae

167 1986 349 2060 explicentur,
373 1986 413 2044 sie
434 2005 481 2045 eas
502 2006 649 2061 exponam,
672 1988 752 2061 quasi
773 1995 870 2060 agatur
891 2006 946 2063 res,
969 2007 1025 2047 non
1043 1995 1124 2066 quasi
1141 2013 1193 2052 nar

166 2098 251 2151 retur.
294 2095 371 2165 Ergo
393 2095 430 2152 ita
452 2102 584 2152 nascetur
601 2094 755 2151 exordium.

250 2203 287 2258 V.
312 2200 342 2260 9.
364 2203 398 2261 A.
419 2204 525 2261 Malum
551 2203 620 2259 mibi
642 2203 753 2258 uidetur
773 2219 836 2258 esse
857 2218 944 2261 mors.
973 2204 1014 2262 M.
1036 2205 1128 2281 lisne,
1157 2209 1206 2284 qui

165 2307 362 2383 montbleum,
391 2327 426 2366 an
446 2309 492 2383 iis,
516 2311 618 2382 quibus
640 2309 816 2366 moriendum
838 2305 901 2366 est?
934 2309 968 2365 A.
991 2311 1131 2388 Utrisque.
1164 2317 1205 2377 M.

165 2416 218 2472 Est
238 2416 372 2472 miserum
393 2415 486 2489 igitur,
510 2418 643 2489 quoniam
671 2417 783 2472 malum.
826 2417 860 2471 A.
884 2415 973 2473 Certe.
1017 2418 1056 2475 M.
1079 2419 1156 2490 Ergo
1179 2427 1206 2478 et

164 2522 195 2598 ii,
219 2523 320 2598 quibus
343 2523 436 2581 euenit
457 2523 522 2596 iam,
545 2529 575 2581 ut
595 2528 787 2595 morerentur,
809 2521 892 2595 etii,
915 2521 1018 2596 quibus
1040 2531 1206 2584 euenturum

165 2637 223 2705 est,
247 2631 352 2689 miseri.
395 2632 431 2690 A.
453 2630 523 2691 Mihi
545 2631 582 2688 ita
604 2631 722 2687 uidetur.
766 2631 805 2688 M.
828 2630 918 2685 Nemo
940 2646 1008 2702 ergo
1029 2647 1087 2687 non
1107 2631 1204 2692 miser.

164 2739 199 2798 A.
224 2741 342 2796 Prorsus
365 2756 458 2797 nemo.
490 2739 531 2796 M.
550 2739 587 2794 Et
605 2737 728 2811 quidem,
752 2735 776 2792 si
797 2735 848 2793 tibi
870 2742 996 2793 constare
1017 2737 1071 2811 nis,
1095 2755 1204 2815 omnes,

164 2846 323 2920 quicunqne
345 2847 401 2903 nati
430 2850 493 2901 sunt
520 2850 651 2917 eruntne,
685 2859 742 2899 non
774 2843 866 2898 solum
892 2842 1006 2917 miseri,
1023 2846 1091 2917 ‚sed
1119 2847 1203 2906 etiem

163 2967 275 3025 semper
300 2953 406 3010 miseri.
455 2952 526 3011 Nam
553 2950 577 3006 si
605 2951 681 3006 solos
713 2965 762 3006 eos
791 2948 897 3006 diceres
929 2949 1066 3025 miseros,
1099 2954 1204 3026 quibus

162 3060 339 3117 moriendum
367 3064 453 3123 esset,
482 3057 621 3114 neminem
649 3055 820 3128 turquidem
842 3073 956 3130 eorum,
987 3059 1035 3129 qui
1063 3060 1204 3135 uiuerent,

162 3167 304 3239 exciperes
335 3165 526 3236 (moriendum
553 3171 595 3220 est
615 3162 690 3219 enim
717 3162 886 3237 omnibus];
909 3169 982 3219 esset
1002 3170 1094 3222 tamen
1115 3167 1203 3224 mise·

162 3278 219 3334 riae
242 3274 305 3330 finis
328 3274 357 3330 in
378 3278 476 3329 morte.
509 3269 647 3340 Quoniam
669 3275 761 3326 autem
782 3269 865 3326 etiam
885 3269 987 3326 monui
1008 3271 1104 3328 miseri
1127 3279 1203 3348 sunt,

160 3384 190 3442 in
212 3381 352 3439 miseriam
373 3379 512 3436 nascimur
533 3377 739 3448 sempiternam.
781 3377 901 3433 Necesse
924 3383 966 3433 est
986 3378 1062 3433 enim
1082 3380 1204 3440 miseros

161 3507 223 3548 esse
246 3507 314 3562 eos,
345 3487 393 3563 qni
415 3492 524 3543 centum
546 3483 659 3539 milibus
689 3500 826 3539 annorum
854 3488 916 3540 ante
945 3483 1120 3559 oeciderunt,
1154 3486 1207 3546 nel'

160 3598 252 3671 potius
276 3614 391 3668 omnes,
421 3593 581 3668 quicunque
602 3589 656 3647 nati
680 3596 752 3647 sunt.
799 3588 848 3648 10.
870 3591 904 3647 A.
926 3593 966 3647 lta
995 3607 1110 3662 prorsus
1140 3595 1203 3652 exi·

160 3704 252 3762 admo.
296 3705 336 3763 Μ.
358 3703 427 3775 llic,
450 3703 571 3773 quaeso,
594 3714 662 3754 num
682 3703 709 3752 te
730 3696 778 3751 illa
800 3701 913 3769 terrent,
937 3696 1039 3769 triceps
1060 3700 1135 3772 apud
1156 3701 1202 3759 in·

159 3809 235 3866 feros
258 3809 409 3882 Cerberus,
433 3805 528 3880 Cocyti
551 3803 687 3882 fremitus,
710 3801 842 3858 trauectio
862 3800 1039 3877 Acherontis,

165 3975 447 3990 m—

227 4074 361 4139 dedlmus)
376 4085 479 4135 operern
498 4070 660 4123 dedlmusll.
695 4080 788 4132 genere
804 4065 923 4131 possem)
939 4078 960 4128 s
980 4071 1079 4130 possim
1098 4073 1131 4124 ll.
1167 4076 1199 4126 ad

159 4158 200 4226 ld)
217 4165 242 4211 et
260 4160 286 4212 ld
304 4160 335 4211 lt.
369 4158 394 4208 8.
412 4157 502 4208 audire
520 4152 614 4207 usellen
874 4148 1042 4217 lchoepti)
1059 4155 1147 4220 coycti
1164 4159 1197 4211 ll.
