2610 4634
130 309 192 372 150
343 320 573 367 suscense.
608 292 953 367 nisnurnrro'nun

128 498 217 572 uirtus
240 514 364 570 subiecta
385 512 437 568 sub
467 510 559 568 uarios
587 511 764 584 incertosque
796 528 877 568 cesus
907 511 1014 569 lamule
1043 512 1163 571 fortunae

128 628 171 679 est
192 638 244 677 nee
264 626 399 676 tentorum
420 617 522 674 uirium
540 624 591 691 est,
613 623 644 673 nt
665 635 696 675 se
718 618 779 690 ipsa
799 624 918 692 tueatur,
931 637 1046 695 uereor,
1068 639 1164 680 neuun

129 735 184 786 tem
206 712 315 783 uirtutis
338 725 437 781 fiducia
459 725 602 781 nitendum
624 725 705 781 nobis
717 726 751 781 ed
763 742 843 797 spem
854 726 934 782 beate
952 727 1071 785 uiuendi
1088 744 1164 802 wem

130 834 342 892 nonfacienda
372 833 526 889 uideantur.
581 829 610 890 3.
640 832 780 904 Equidem
808 849 979 909 resersus,
1008 835 1039 892 in
1069 835 1165 908 quibus

129 958 175 998 me
198 942 305 997 lortuna
329 939 509 995 uehementer
530 940 663 1012 exercuit,
686 956 796 996 mecnm
817 941 878 1013 ipse
900 941 1085 998 considerans
1106 941 1165 998 hnic

129 1048 232 1119 incipio
255 1044 406 1102 sententiae
428 1044 555 1101 diffidere
583 1046 721 1102 interdum
753 1053 781 1103 et
808 1047 921 1104 humani
943 1048 1059 1120 generis
1081 1048 1164 1105 imbe-

130 1154 273 1212 cillitatem
295 1152 527 1224 fragilitatemque
549 1153 741 1211 extimescere.
786 1155 891 1212 llereor
914 1155 1001 1230 enim,
1023 1173 1062 1212 ne
1075 1162 1165 1212 natine

129 1277 217 1334 quum
239 1275 356 1331 corpora
378 1259 460 1315 nobis
481 1257 591 1316 infirma
613 1260 737 1317 dedisset
757 1235 847 1334 iisque
869 1267 897 1317 et
919 1263 1037 1320 morbos
1059 1262 1165 1320 insene-

129 1368 202 1424 biles
223 1371 251 1423 ct
272 1367 384 1423 dolores
413 1366 601 1423 intolerabiles
628 1367 814 1442 adiunxisset,
844 1369 952 1425 animos
983 1386 1099 1442 qnoque
1121 1369 1166 1426 de·

130 1473 202 1530 derit
223 1480 250 1530 ct
272 1490 421 1545 corporum
444 1472 588 1529 doloribus
611 1482 795 1545 congruentes
817 1481 846 1531 et
867 1476 1016 1548 separatim
1039 1475 1099 1533 suis
1119 1493 1166 1532 en·

131 1580 246 1653 goribus
268 1588 296 1636 et
316 1580 451 1636 molestiis
472 1579 637 1651 implicatos.
669 1579 700 1638 4.
720 1582 776 1638 Sed
791 1582 820 1638 in
838 1582 892 1639 boc
906 1600 953 1640 me
968 1584 1031 1656 ipse
1054 1562 1164 1654 castigo,
1187 1580 1190 1589 '

132 1689 209 1762 qnod
231 1706 265 1744 ex
287 1687 404 1744 eliorum
428 1692 455 1743 et
477 1704 510 1742 er
533 1694 625 1743 nostra
654 1686 773 1745 loclesse
800 1689 932 1764 mollitia,
962 1707 1019 1747 non
1049 1707 1084 1745 ex
1109 1689 1166 1762 ipse

130 1796 232 1852 uirtute
254 1795 290 1850 de
311 1793 420 1849 uirtutis
443 1795 545 1849 robore
567 1793 705 1850 existimo.
759 1796 813 1851 llle
840 1796 931 1869 enim,
966 1798 991 1853 si
1019 1798 1107 1854 modo
1128 1803 1167 1852 est

130 1903 188 1957 ulle
206 1901 293 1956 uirtus
306 1899 406 1974 (quum
424 1899 624 1957 dubitationem
643 1902 796 1958 auunculus
818 1908 892 1976 tuus,
911 1902 1009 1977 Brute,
1029 1903 1165 1972 sustulit),

132 2008 234 2080 omnic,
256 2025 328 2080 quae
351 2007 449 2063 cadere
471 2006 500 2062 io
523 2007 664 2064 hominem
687 2014 819 2082 possunt,
842 2010 939 2066 subter
960 2026 993 2066 se
1015 2009 1101 2067 babet
1120 2025 1165 2064 ee·

132 2131 187 2188 qne
210 2113 364 2186 despiciens
387 2129 466 2170 casus
489 2113 640 2170 contemnit
660 2115 796 2171 humanos
818 2118 955 2189 culpaque
977 2116 1056 2173 omni
1074 2131 1166 2172 cerens

132 2229 241 2295 praeter
270 2238 301 2278 se
329 2221 419 2294 ipsam
447 2220 516 2277 nibil
545 2227 639 2278 censet
666 2223 702 2277 ed
730 2239 761 2278 se
787 2223 936 2295 pertinere.
992 2224 1053 2281 Nos
1080 2229 1167 2280 numm

132 2330 224 2386 omnin
251 2330 368 2386 aduersa
396 2345 481 2401 quum
509 2327 648 2386 uenientia
675 2334 752 2385 metu
778 2337 928 2405 augentes,
957 2337 1018 2388 tum
1044 2345 1167 2388 maerore

131 2437 302 2509 praesentia,
335 2451 429 2493 rerum
456 2442 581 2492 naturum
610 2453 694 2508 quem
723 2454 848 2493 erronem
876 2445 1005 2495 nostrum
1038 2439 1167 2495 damnare

131 2544 278 2619 malumus.
974 2615 981 2627 ,

218 2653 255 2707 11.
279 2648 307 2709 5.
337 2652 393 2708 Sed
415 2659 443 2708 et
464 2650 545 2707 huius
568 2651 667 2723 eulpae
689 2657 716 2708 el
738 2658 894 2709 ceterorum
915 2653 1049 2711 uitiorum
1072 2656 1167 2726 peece'·

131 2763 278 2831 lorumque
300 2763 458 2815 nostrorum
481 2758 571 2814 omnis
594 2775 610 2814 u
632 2758 809 2832 philosophie
825 2761 942 2832 petendu
960 2761 1099 2817 correctio
1119 2765 1167 2817 est.

131 2863 219 2920 Cuius
242 2865 269 2920 in
292 2865 384 2921 sinum
406 2881 491 2937 quum
513 2882 528 2921 a
555 2865 652 2937 primis
680 2868 853 2939 temporibus
882 2867 977 2924 aetatis
1001 2875 1096 2925 nostra
1118 2883 1168 2924 uo·

132 2952 423 3043 luntns'stndiumque
445 2989 496 3027 nos
519 2971 713 3045 compulisset,
746 2974 789 3030 bis
811 2973 984 3046 grauissimis
1007 2975 1119 3031 casibus
1140 2973 1168 3030 in

132 3076 251 3131 eundem
272 3087 392 3149 portum,
416 3094 450 3133 ex
478 3094 534 3149 quo
557 3093 665 3133 eramus
696 3083 818 3161 egressi,
851 3052 952 3153 magna
978 3081 1072 3138 iactati
1100 3086 1168 3138 lem·

131 3188 235 3254 pestate
258 3182 442 3253 confugimus.
494 3182 613 3240 Onitae
636 3184 813 3259 philosophia
841 3188 914 3262 dur,
944 3205 961 3243 o
988 3189 1102 3245 uirtutis
1126 3188 1169 3244 in-

132 3293 257 3364 dagatrix
279 3292 472 3364 expultrixque
493 3291 639 3349 uitiorum!
663 3292 729 3366 qnid
747 3311 804 3350 non
820 3297 904 3352 modo
917 3312 979 3369 nos,
993 3296 1045 3351 sed
1056 3295 1168 3352 omnino
1213 3351 1221 3362 ,

133 3400 188 3456 nite
220 3399 364 3456 huminum
392 3399 452 3456 sine
485 3405 511 3456 te
543 3417 605 3456 csse
638 3398 795 3472 potuisset?
830 3402 874 3458 Tu
908 3402 991 3458 nrbes
1025 3400 1169 3475 peperisti,
1210 3400 1212 3407 '

133 3516 162 3563 tn
184 3499 332 3584 dissipatos
360 3507 488 3566 homines
518 3509 545 3564 in
574 3507 732 3565 societatem
761 3507 832 3564 uitne
859 3511 1033 3584 conuocesti,
1063 3515 1093 3566 tu
1120 3524 1168 3565 eos

37 3656 47 3672 .
132 3614 204 3670 inter
226 3632 257 3670 sc
279 3614 369 3686 primo
392 3616 556 3687 domiciliis,
588 3616 688 3672 deinde
716 3615 864 3688 coniugiis,
888 3622 945 3672 tum
968 3617 1121 3674 litterarum
1143 3620 1171 3672 et

132 3737 233 3777 uocum
256 3720 450 3778 communione
471 3722 599 3795 iunxisti,
629 3728 657 3778 tu
685 3721 824 3779 inuentrix
854 3724 964 3797 legum,
987 3729 1016 3780 tu
1038 3723 1171 3797 magistre

134 3852 430 3867 -ῂ

202 3906 289 3969 cesus)
301 3908 389 3955 om.l’.
417 3908 710 3973 tanterum)tuntem1l.‚
727 3891 773 3960 sed
790 3924 856 3959 corr.
874 3911 903 3959 tn
921 3916 1055 3960 tenturum.
1076 3911 1102 3959 3.
1112 3909 1169 3972 eos)

132 4001 205 4038 meos
222 3990 287 4037 ll'on.
305 4007 332 4054 p.
344 3990 410 4041 295.
447 3992 471 4041 l.
491 3995 517 4043 iu
536 3995 582 4044 troc
601 3992 655 4057 me)
674 3995 722 4044 boc
739 3995 765 4045 in
784 4008 826 4045 me
842 3995 910 4045 lton.
926 4010 954 4058 p.
971 3993 1037 4044 251.
1076 3996 1103 4044 in
1122 3997 1170 4045 bo-

131 4073 243 4137 minem)
262 4075 286 4122 in
304 4076 479 4130 bominellP.
513 4090 594 4128 onum
611 4091 628 4112 ⁸¹
742 4076 746 4080 ’
770 4080 992 4131 tumnenltpo.
1018 4079 1044 4129 5.
1055 4079 1171 4142 uirtutis)

132 4159 212 4209 uirtus
223 4159 275 4212 lll’.
294 4172 338 4216 exn
846 4161 938 4228 niuno)
947 4165 1078 4217 eommunl
1090 4179 1134 4216 ore
1140 4165 1169 4217 P.
