2610 4634
492 256 566 302 uro.
589 244 640 300 lll.
680 258 749 301 cur.
772 242 822 303 311.
989 189 994 201 ·
1119 247 1178 306 113

134 448 235 523 possit.
279 448 317 503 nt
338 464 409 520 quae
432 446 532 519 stirpes
556 453 619 502 sunt
640 446 830 520 aegritudinis,
853 464 937 520 quam
959 450 1069 522 multae,
1092 468 1176 522 quam

133 556 263 613 amaraet
297 571 369 626 quae
390 552 452 626 ipso
475 560 571 609 trunco
594 570 694 610 euerso
717 570 813 611 omnes
836 555 980 626 eligendae
1003 562 1129 630 suntet,
1152 559 1176 614 si

134 679 251 719 necesse
273 661 336 733 erit,
358 661 476 731 singulis
499 659 739 732 disputationibus.
778 662 912 734 Superest
928 661 1001 718 enim
1019 662 1175 736 nobishoc,

133 767 303 826 cuicuimodi
326 773 386 838 est,
416 768 514 831 otium.
568 767 625 822 Sed
647 766 716 822 ratio
740 785 794 823 uua
816 768 939 824 omnium
961 776 1003 824 est
1024 770 1175 840 aegritudi-

131 893 218 949 num,
248 877 329 947 plura
350 874 472 930 nomina.
516 874 587 929 Nam
614 880 642 929 et
663 873 789 930 inuidere
812 875 991 945 aegritudinis
1015 883 1056 932 est
1078 884 1105 932 et
1126 894 1174 933 ae·

132 981 235 1039 molari
258 988 285 1039 et
307 982 461 1037 obtrectare
483 986 511 1037 et
531 979 657 1036 misereri
679 987 706 1036 et
727 981 807 1052 angi,
830 983 943 1053 lugere,
965 999 1104 1056 maerere,
1128 1001 1175 1039 ae·

133 1064 234 1146 rumua
255 1088 346 1161 allici,
378 1087 541 1168 lamentari,
569 1087 731 1158 sollicitari,
761 1089 872 1161 dolere,
902 1088 930 1144 in
952 1089 1078 1146 molestia
1102 1107 1174 1163 esse,

131 1195 275 1267 afflictari,
297 1196 456 1266 desperare.
510 1192 562 1253 84.
585 1194 663 1250 llaec·
685 1194 777 1250 omnia
799 1194 933 1251 definiunt
956 1196 1058 1268 Stoici,
1086 1213 1174 1268 eaque

132 1303 237 1375 uerba,
268 1319 339 1375 quae
362 1299 434 1371 dixi,
469 1300 640 1371 singularum
663 1317 755 1355 rerum
779 1308 858 1371 sunt,
883 1316 955 1372 noir,
985 1309 1014 1357 ut
1035 1303 1173 1375 uidentur,

133 1411 248 1466 easdem
269 1426 314 1465 res
336 1407 508 1478 significant,
542 1408 592 1463 sed
614 1407 719 1478 aliquid
746 1406 890 1479 differunt,
924 1408 1000 1479 quod
1028 1408 1083 1464 olio
1112 1412 1173 1466 loco

133 1516 254 1572 sortasse
272 1515 458 1572 tractabimus.
492 1514 554 1570 Hae
578 1520 641 1570 sunt
662 1514 727 1569 illae
742 1514 827 1569 fibrae
850 1512 986 1585 stirpium,
1009 1531 1077 1585 quas
1095 1515 1172 1572 initio

131 1621 203 1695 dixi,
226 1622 435 1695 persequendae
457 1627 485 1677 et
507 1637 604 1676 omnes
627 1615 781 1692 eligendae,
804 1637 840 1676 ne
862 1636 984 1692 unquam
1005 1621 1062 1677 ulla
1084 1622 1174 1693 possit

132 1729 263 1787 existere.
318 1731 453 1800 Magnum
476 1744 547 1799 opus
569 1733 597 1782 et
624 1726 747 1800 difficile,
771 1727 832 1799 quis
856 1724 960 1798 negati
993 1728 1060 1799 quid
1082 1736 1173 1785 autem

131 1838 307 1913 praeclarum
338 1853 394 1893 non
428 1836 503 1891 idem
529 1829 669 1890 arduum?
702 1835 752 1889 sed
781 1841 871 1891 tamen
900 1833 928 1890 id
956 1851 986 1890 se
1014 1834 1172 1892 effecturam

131 1942 312 2017 philosophia
333 1939 492 2015 profitetur3
526 1957 576 1996 nos
605 1941 689 1997 modo
717 1941 887 1998 curationem
908 1940 968 1998 eius
996 1941 1171 2015 recipiamus.

133 2050 239 2107 Uerum
260 2049 373 2122 quidem
395 2050 463 2105 haec
485 2049 633 2120 hacteuus3
664 2054 769 2120 cetera,
798 2049 1037 2123 quotienscunque
1058 2051 1170 2123 uoletis,

130 2161 161 2213 et
183 2157 321 2213 hocloco
343 2165 371 2214 et
392 2155 454 2213 aliis
477 2161 571 2228 parata
591 2155 674 2211 uobis
696 2161 786 2213 erunt.

116 2396 124 2405 ‘
203 2385 239 2435 At
255 2384 334 2449 quoe)
350 2392 425 2447 utque
443 2387 496 2435 ur.
534 2384 680 2448 eligendae]
700 2387 833 2436 elidendae
847 2387 899 2435 ΡΟ.
936 2394 961 2436 et
978 2388 1049 2447 augi)
1066 2388 1169 2450 angit).

129 2466 175 2518 et.
193 2470 341 2531 eligendae)
359 2472 493 2520 elidendae
512 2470 543 2520 0.
587 2485 699 2532 unquam
718 2471 790 2534 ulla)
813 2473 864 2520 utta
882 2485 943 2532 unq.
962 2473 992 2521 0.
1036 2475 1171 2534 quotiens-

128 2551 249 2618 euuque)
267 2554 469 2616 quotiescunque
489 2553 519 2603 Ο.
555 2553 628 2618 aliis)
647 2557 695 2604 ulia
717 2556 746 2604 P.
