2610 4634
688 242 737 287 xn
759 230 763 250 ¹

195 429 441 492 Tusculanarum.
496 426 634 497 Proxime
669 425 813 499 adhunc
841 425 987 488 accedunt
1018 446 1110 507 quum
1142 428 1231 511 Gry-

196 550 361 629 phianus
383 547 451 626 (qni
470 546 584 607 utinam
601 544 689 624 plene
707 544 833 606 collatus
855 544 952 622 esset)
974 550 1006 605 et
1027 545 1232 610 Beruensis

152 634 154 637 ἡ
196 672 228 728 et
248 629 446 728 qGudianus
472 662 504 742 l,
532 667 613 742 tum,
641 663 693 741 qui
714 680 733 723 a
754 661 877 723 Dauisin
898 667 989 741 atque
1017 632 1106 725 etiam
1138 685 1156 726 a
1184 685 1233 727 me

195 784 348 846 adhibitus
362 785 419 864 est,
442 776 735 854 Pithoeanusl),
749 780 834 841 euius
849 763 967 841 collatio
989 781 1026 842 ab
1048 784 1163 864 eodem,
1179 787 1231 863 qni

196 901 325 980 Regium
353 899 495 979 eontulit,
523 898 617 978 lacta,
643 903 679 959 ut
706 899 748 959 ait
777 899 842 977 ipse
870 891 1011 979 collator,
1032 917 1060 962 a.
1085 895 1179 980 1597,
1201 904 1232 962 ln

196 1019 302 1088 eodem
330 1018 469 1079 editionis
498 1016 687 1096 Gryphianae
715 1015 850 1094 exemplo
878 1033 904 1076 aa
929 1017 1071 1079 collatore
1103 1022 1232 1099 ascripta

195 1141 254 1217 esi,
279 1155 338 1215 quo
359 1139 463 1214 postea
484 1137 663 1214 scripturam
685 1133 796 1194 codicis
807 1133 894 1212 liegii
915 1135 1038 1196 addidit.
1071 1135 1128 1197 Hic
1140 1138 1234 1199 codex

196 1252 246 1317 Fr.
269 1253 406 1331 Pithoei,
439 1254 491 1332 qui
519 1251 644 1313 librnll
672 1255 694 1328 §
723 1247 766 1312 46
786 1252 823 1313 ab
844 1251 892 1313 his
913 1253 1014 1314 uerbis
1043 1255 1164 1332 incipit:
1191 1258 1233 1316 ris

195 1373 364 1452 sculpunt&
384 1372 581 1450 procuremus
598 1370 703 1450 plnpuo
723 1378 749 1429 et
768 1371 883 1451 focutis
903 1371 1014 1431 silentio
1043 1373 1170 1455 (qnare,
1199 1379 1235 1436 ut

196 1475 407 1552 animaduertit
417 1489 570 1568 Dauisius,
592 1489 729 1550 diuersus
751 1493 797 1549 est
818 1489 855 1550 ab
876 1506 1024 1570 en,quem
1035 1489 1233 1554 Pithoeanum

196 1608 325 1686 appellat
341 1606 536 1686 Gulielmusl,
562 1609 644 1668 etin
667 1608 739 1684 ipsis
763 1607 888 1668 uocibus
909 1609 992 1668 etin
1014 1608 1162 1669 scribendi
1184 1630 1233 1672 ra-

97 1790 108 1800 ·
197 1727 279 1785 tinne
301 1743 368 1785 cum
381 1723 485 1802 Regio
507 1725 682 1803 plerumque
703 1727 866 1805 consentit,
890 1725 942 1785 sed
964 1726 1057 1787 multo
1080 1728 1233 1806 negligen-

108 1829 111 1838 ’
197 1843 258 1903 tius
280 1844 410 1921 scriptus
432 1847 494 1925 est,
529 1846 564 1903 ut
584 1844 730 1921 imprimis
752 1862 788 1903 ex
810 1862 846 1904 eo
868 1847 966 1925 patet,
994 1845 1073 1922 quod
1096 1846 1232 1908 librarius

196 1960 293 2021 oculis
324 1964 447 2039 propter
484 1960 709 2021 similitudinem
747 1963 987 2022 terminationnm
1025 1963 1233 2025 aberrantibus

195 2079 305 2159 multa,
339 2097 420 2157 quae.
444 2079 482 2139 ad
510 2080 673 2139 sententias
699 2083 780 2141 recte
808 2078 1034 2141 conformandos
1067 2086 1234 2145 necessaria

196 2201 276 2275 sunt,
299 2197 385 2275 plane
407 2198 517 2258 omisit.
910 2281 912 2287 Α

280 2314 397 2375 Horum
418 2317 509 2392 igitur
530 2315 666 2376 codicum
688 2315 894 2377 collationibus
916 2334 950 2378 ac
965 2321 1120 2395 praeterea
1133 2321 1234 2381 uarie-

184 2438 259 2495 tate
292 2432 460 2494 Moseriana
492 2434 579 2494 nixus
610 2434 670 2494 line
707 2435 737 2493 in
777 2435 953 2496 Tusculanis
985 2439 1232 2514 recognoscendis

196 2552 353 2613 consilium
375 2556 497 2612 secutus
519 2570 598 2633 snm,
619 2556 653 2613 ut
675 2571 710 2612 ex
733 2555 770 2613 iis
781 2553 890 2614 codicis
902 2552 987 2631 Regii
1006 2559 1233 2635 ceterorumque

196 2665 353 2732 meliorum
375 2671 543 2748 scripturis,
566 2689 640 2749 quas
653 2669 784 2732 Orellius
806 2675 858 2732 aut
880 2671 1060 2748 neglexisset
1081 2678 1133 2733 aut
1148 2675 1234 2752 igno-

197 2793 307 2866 rasset,
331 2781 382 2847 eas
404 2789 483 2846 inter
504 2789 595 2847 uerba
618 2786 769 2849 Ciceronis
797 2790 976 2870 reciperem,
1009 2809 1084 2868 quas
1113 2757 1232 2869 quidem

196 2907 301 2983 dignas
328 2907 518 2985 statuissem,
546 2924 623 2984 quae
650 2907 863 2984 reciperentur.
913 2907 1025 2969 Multas
1051 2914 1151 2971 autem
1173 2912 1234 2970 rci-

197 3024 317 3084 ciendas
339 2996 461 3102 putaui,
479 3042 557 3102 quiae
579 3028 631 3084 aut
651 3027 830 3085 sententiam
852 3030 1068 3104 percuterent,
1091 3033 1143 3088 aut
1164 3010 1233 3089 ora·

198 3143 271 3201 tioni
292 3140 431 3221 Latinae,
459 3140 612 3202 Ciceronis
634 3147 725 3223 certe,
748 3145 810 3204 uim
831 3143 988 3234 inferrent,
1011 3145 1119 3222 quibus
1141 3146 1233 3206 libra-

115 3331 121 3341 ,
197 3260 311 3320 riorum
332 3260 485 3320 erroribus
512 3261 690 3355 posthabitis
719 3279 795 3339 quae
809 3261 873 3321 alii
894 3263 931 3323 ad
949 3281 1068 3369 manum
1080 3263 1231 3326 Ciceronis

264 3592 298 3657 ³)
316 3596 425 3658 Propius
452 3597 484 3645 ad
509 3595 619 3657 Regium
642 3599 762 3649 accedere
785 3601 847 3650 mihi
877 3601 995 3652 uidentur
1020 3603 1175 3652 Pithoeanus
1207 3610 1234 3654 et

196 3678 330 3729 Gudianus
353 3681 373 3728 1.
398 3693 474 3739 uuam
498 3681 649 3745 Beruensis,
673 3685 716 3742 uui
741 3684 867 3735 interdum
891 3692 975 3736 contra
999 3687 1132 3749 plerosque
1155 3676 1232 3740 codd.

195 3763 334 3825 scripturas
351 3769 435 3816 tuetur
453 3764 654 3825 interpolationis
673 3768 713 3816 uel
732 3770 890 3819 coniecturae
907 3769 1020 3831 speeiem
1039 3772 1232 3832 praeseferen-

196 3852 249 3910 teS‚
267 3851 295 3895 ut
312 3848 339 3904 1,
356 3847 390 3896 87
407 3849 453 3896 etsi
471 3851 590 3898 cornibus
607 3863 723 3899 curemus
746 3851 823 3917 (cum
840 3854 937 3903 Ellensi
955 3865 1007 3904 sec.
1027 3861 1052 3904 et
1069 3855 1137 3905 Gnd.
1156 3855 1231 3920 sec),

195 3931 230 3980 88
248 3945 336 3980 curere
358 3933 387 3980 in
410 3933 478 3980 muln
505 3933 583 3996 (cum
610 3935 667 3987 odd.
692 3934 838 4001 ueta.)‚11,
868 3937 896 3986 ll
921 3941 1008 3985 tumen
1030 3939 1102 3987 ualet
1121 3941 1232 3990 multum

195 4013 275 4080 (item
295 4017 353 4068 edd.
373 4015 461 4079 ueta),
484 4017 586 4077 V,114
607 4020 648 4068 iilo
670 4021 699 4068 in
719 4021 876 4085 infinitatem
900 4020 958 4085 (sie
981 4021 1058 4072 etlam
1081 4025 1132 4073 duo
1156 4026 1232 4077 codd.

195 4099 292 4151 Moseri
311 4106 336 4150 et
355 4102 492 4151 nonnullae
510 4102 567 4152 edd.
585 4104 670 4169 ηοω).
705 4105 744 4156 lie
761 4106 905 4169 Gryphiano
922 4107 1042 4170 pleraque
1059 4107 1162 4159 ineerta.
