2610 4634
501 284 575 329 uro.
599 273 635 329 ll.
669 284 740 330 cac.
762 269 813 330 22.
917 272 934 323 ἵ
1127 272 1167 333 rt

133 470 229 527 Huius
250 471 334 527 animi
357 488 420 543 pars
443 471 490 528 illa
511 473 623 530 mollior
645 473 743 530 radoni
765 472 805 530 sic
825 473 925 545 pamit,
947 478 977 528 ut
998 488 1096 531 seuero
1113 474 1167 531 im

134 578 256 649 peratori
278 578 358 634 miles
379 580 498 651 pudens.

221 685 314 741 xxss.
336 681 441 742 51.1n
464 702 519 757 quo
541 702 609 741 uero
632 686 683 741 erit
704 686 824 758 perlecta
845 685 977 758 sapientia
999 688 1095 759 (quiem
1117 688 1166 742 ad·

133 789 190 846 lruc
215 808 266 847 nos
299 790 415 865 quidem
434 791 555 848 uidimus
577 791 733 863 nemincm;
763 793 812 847 scd
841 792 1071 865 philosophorum
1101 810 1165 849 sen-

133 897 237 969 tentiis,
260 898 350 970 qualis
372 897 417 953 liic
439 898 547 953 lutums
570 898 614 971 sit,
644 898 667 954 si
689 898 772 953 modo
794 897 942 970 aliquando
964 898 1056 972 luerit,
1079 917 1166 971 erpo·

133 1003 238 1076 nitur);
261 1003 285 1060 is
307 1004 407 1077 igitur,
431 1004 491 1060 siue
513 1021 545 1060 ca
567 1003 651 1076 ratio,
674 1021 746 1077 quae
768 1005 820 1061 erit
840 1004 869 1060 in
886 1022 919 1061 eo
937 1005 1058 1076 perlecta
1085 1013 1166 1078 atque

107 1098 270 1182 'absoluta
293 1110 333 1166 sic
354 1111 395 1167 illi
417 1113 487 1182 parti
508 1111 654 1182 imperabit
675 1111 810 1184 interiori,
832 1116 862 1168 ut
879 1111 965 1167 iustus
984 1128 1083 1182 parens
1100 1129 1166 1184 pro·

90 1294 93 1299 Ι
131 1214 178 1271 bis
200 1215 282 1289 liliis3
304 1223 385 1289 nutu,
404 1218 479 1289 quod
501 1218 586 1290 uolet,
610 1213 752 1291 conficiet,
775 1219 852 1273 nullo
874 1217 985 1290 labore,
1008 1220 1085 1276 nulla
1106 1235 1167 1274 mo·

131 1320 229 1395 lestia;
251 1323 338 1394 eriget
358 1324 419 1395 ipse
441 1339 482 1395 se,
505 1324 656 1396 suscitabit,
678 1323 802 1394 instruet,
826 1323 951 1397 armabit,
975 1332 1013 1398 ut,
1037 1332 1167 1397 tanquam

133 1427 219 1500 hosti,
241 1429 281 1485 sic
303 1429 418 1486 obsistat
445 1430 545 1486 dolori.
599 1430 677 1498 Quae
709 1415 774 1486 'suut
798 1429 850 1486 ista
877 1428 974 1487 arma?
1008 1431 1166 1504 contentio,

132 1535 306 1592 consumatio
333 1552 480 1609 sermoque
508 1536 636 1608 intimus,
666 1553 752 1609 quum
775 1537 835 1607 ipse
858 1554 967 1592 secum:
990 1537 1065 1594 Cane
1087 1545 1167 1610 turpe

132 1641 298 1714 quicquam,
327 1643 505 1716 languidum,
535 1660 591 1699 non
614 1643 704 1698 uirile.
758 1640 808 1700 52.
841 1644 1032 1700 Obuerscntur
1060 1644 1166 1716 species

132 1747 264 1804 honestae
296 1749 373 1805 uiro:
406 1751 481 1805 Zeno
513 1755 685 1820 proponatur
709 1750 836 1821 Eleates,
870 1750 917 1823 qui
944 1766 1092 1821 perpessus
1126 1757 1168 1806 cst

132 1853 226 1910 omnia
247 1854 349 1929 potius,
372 1872 456 1927 quam
479 1856 604 1912 conscios
627 1856 761 1912 delendae
783 1856 932 1929 tyrannidis
956 1857 1109 1929 indicaret3
1132 1857 1167 1912 de

131 1960 296 2017 Anaxarcho
324 1961 491 2018 Democritio
521 1962 673 2035 cogitetur,
702 1961 750 2034 qui
778 1979 864 2034 quum
892 1963 976 2036 Cypri
1009 1961 1037 2018 in
1070 1980 1166 2020 manus
1272 1971 1276 1978 '

133 2065 337 2125 Timocreontis
358 2069 433 2139 regis
453 2068 613 2141 incidisset,
637 2070 744 2124 nullum
763 2085 850 2139 genus
869 2069 986 2141 supplici
1002 2070 1166 2140 deprecatus

132 2177 175 2228 cst
196 2189 288 2246 neque
309 2160 454 2230 recusauit
498 2175 616 2231 Culmus
639 2175 735 2246 lndus,
758 2175 884 2232 indoctus
913 2192 944 2231 ac
966 2176 1114 2248 barbarus,
1138 2177 1166 2231 in

131 2259 272 2337 radicibus
306 2280 420 2337 Caucasi
447 2289 543 2355 uatus,
573 2299 623 2338 sua
649 2284 790 2340 uoluntate
819 2281 899 2338 uiuus
928 2283 1088 2338 combustus
1116 2288 1166 2338 est.
1262 2349 1264 2354 ¹

131 2387 203 2460 Nos,
225 2385 250 2443 si
269 2402 322 2473 pes
344 2389 502 2460 condoluit,
525 2389 549 2445 si
570 2390 650 2461 dens,
673 2390 696 2444 si
718 2393 817 2444 tactum
840 2388 937 2444 dolore
960 2406 1071 2461 corpus,
1095 2389 1168 2446 terre

131 2508 188 2549 uon
210 2510 367 2565 possumus.
396 2496 515 2568 ‘Opinio
543 2504 585 2553 est
611 2496 686 2552 enirn
708 2495 843 2567 quaedam
866 2493 1019 2553 effeminata
1041 2513 1073 2552 ac
1094 2497 1166 2552 lcuis

124 2614 185 2655 nec
206 2599 234 2655 in
263 2601 361 2659 dolore
388 2603 480 2674 maff‘s
505 2619 589 2675 quam
613 2592 742 2679 [cadem]
766 2601 975 2672 inuoluptate,
1005 2618 1060 2673 qua
1081 2618 1168 2673 quum

131 2706 311 2778 liquescimus
329 2707 496 2777 fluimusque
518 2706 643 2777 mollitia,
666 2704 725 2776 apis
748 2707 873 2762 aculeum
891 2705 950 2762 sine
963 2709 1082 2763 clamore
1093 2708 1167 2762 ferre

132 2828 189 2867 nou
211 2829 371 2884 possumus.
420 2811 469 2870 53.
498 2815 535 2869 At
561 2829 629 2869 uero
653 2812 683 2868 C.
706 2812 829 2886 Marius,
859 2813 1012 2869 rusticanus
1035 2814 1094 2885 uir,
1118 2815 1167 2869 sed

132 2919 215 2990 plane
236 2919 296 2991 uir,
324 2936 411 2993 quum
433 2925 587 2991 secarctur,
610 2925 745 2991 utsupra
767 2918 841 2991 dixi,
871 2919 1006 2992 principio
1029 2920 1115 2976 uetuit
1137 2938 1167 2978 se

85 3094 88 3101 q
131 3025 251 3099 alligari,
274 3042 324 3082 uec
346 3025 492 3098 quisquam
513 3033 576 3082 ante
589 3026 708 3084 Marium
730 3027 837 3082 solutus
860 3026 959 3082 dicitur
981 3044 1043 3084 esse
1066 3034 1165 3084 sectus

132 3131 192 3187 Cur
212 3149 280 3203 ergo
306 3139 401 3204 postca
428 3130 497 3190 alii?
529 3132 623 3191 Ualuit
649 3133 805 3189 auctoritas.
855 3133 975 3189 Uidcsne
997 3135 1081 3204 igitur
1104 3136 1167 3206 opi-

131 3238 224 3295 nionis
246 3255 319 3313 esse,
341 3257 397 3296 uon
419 3246 531 3297 naturae
553 3237 678 3296 malurn?
699 3241 736 3296 Et
756 3246 847 3296 tamen
868 3239 955 3297 fuisse
977 3257 1069 3296 acrem
1090 3258 1168 3324 rnor-

131 3397 436 3409 —————.

200 3512 315 3577 pudens)
332 3515 443 3576 prudens
460 3515 503 3579 P,
522 3520 599 3578 atquc
618 3517 656 3565 ito
675 3528 743 3564 corr.
760 3517 788 3563 tn
808 3516 840 3564 It.
865 3515 907 3563 51.
924 3513 1000 3576 uero)
1017 3515 1073 3564 uiro
1091 3514 1168 3563 ltl‘t).

133 3598 264 3662 uidimus)
281 3600 400 3648 uidemus
409 3600 460 3648 ΒΡ.
496 3601 537 3650 liic
555 3602 655 3650 tirturus
673 3602 717 3661 sit)
737 3601 777 3649 tric
795 3601 894 3648 tuturus
912 3599 942 3647 R.
979 3599 1078 3647 tuturus
1096 3600 1168 3650 sitP.

131 3682 279 3745 suscitabit)
297 3683 462 3733 suscitabitur
470 3685 522 3735 ΗΡ.
557 3684 598 3733 52.
618 3686 792 3735 oouersenon
809 3697 847 3745 sp.
866 3683 1000 3745 honestae)
1017 3684 1167 3732 obuersctur

132 3780 172 3829 sp.
191 3768 297 3817 honeste
315 3768 367 3817 ΒΡ.
403 3766 474 3832 uiro]
493 3782 553 3819 uero
571 3770 623 3818 ΒΡ.
660 3769 745 3819 animo
765 3767 813 3817 0..
832 3766 963 3829 conscios)
980 3769 1097 3816 conscius
1115 3769 1168 3817 ΒΡ.

132 3851 303 3914 Anaxarcho)
326 3854 456 3903 Narurclro
474 3854 527 3902 ΒΡ.
563 3851 657 3917 Cypri)
683 3853 752 3914 Cyrri
771 3854 823 3901 ΒΡ.
859 3850 1065 3916 Timocreontis)
1089 3854 1170 3903 Nico-

133 3937 244 3986 creontis
262 3935 292 3985 0.
329 3935 453 3999 Calenus)
473 3938 591 3988 Callanus
608 3938 660 3988 ΗΡ.
696 3938 719 3986 si
737 3942 831 3986 tactum
850 3933 948 4000 dolore)
966 3938 1011 3986 sed
1030 3938 1068 3989 luc
1088 3943 1168 3986 toturn

134 4020 221 4071 dolere
238 4020 268 4069 lt.
304 4022 350 4071 scd
369 4023 493 4071 tactorum
511 4023 596 4073 dolore
614 4023 642 4070 P.
679 4021 862 4085 liquescimus)
887 4022 1048 4083 liquiscimus
1067 4023 1096 4071 R.
1126 4021 1169 4067 stt.

135 4103 179 4168 C.)
196 4103 226 4153 G.
247 4104 278 4177 Β.
