2610 4634
192 294 235 359 33
396 306 1007 357 ruscorumumrurnrro‘uou

191 503 249 560 irae
270 499 455 576 libidinesque
475 505 631 574 uersentur,
652 515 721 573 quas
743 499 778 575 is,
790 505 885 557 eontra
901 515 986 573 quem
1004 497 1071 555 haec
1087 496 1227 570 dicuutur,

191 615 310 666 semotas
333 626 348 666 a
370 616 461 665 mente
483 614 510 665 et
531 607 667 663 disclusas
688 612 774 679 putat.
810 608 869 663 lam
891 605 1043 663 similitudo
1065 605 1161 678 magis
1176 622 1227 677 ap-

190 723 269 790 paret
289 716 317 774 in
339 715 445 790 bestiis,
469 730 586 789 quarum
603 713 687 770 animi
704 718 769 770 sunt
784 713 896 771 rationis
915 719 1059 788 expertes3
1081 713 1227 771 hominurn

191 830 282 881 autem
304 823 456 882 similitudo
478 824 507 879 iu
528 838 677 894 corporum
699 822 787 892 figura
809 822 897 894 magis
920 828 1001 895 extat,
1021 828 1050 878 et
1066 820 1121 893 ipsi
1140 817 1225 875 animi

189 932 283 1003 magni
305 930 390 987 refert
410 929 488 1004 quali
515 928 544 985 iu
566 945 683 1002 corpore
704 929 785 986 locati
813 929 875 986 siut.
919 930 1007 987 Multa
1028 928 1102 985 enim
1115 944 1139 984 e
1162 944 1226 983 cor-

189 1054 258 1112 pore
280 1039 414 1110 existunt,
443 1053 514 1110 quae
542 1043 641 1093 acuant
668 1043 805 1110 mentem,
834 1038 941 1110 multa,
970 1053 1041 1110 quae
1063 1035 1225 1092 obtundant.

107 1211 116 1226 x
189 1146 353 1202 Aristoteles
375 1145 488 1218 quidem
513 1144 551 1201 ait
571 1161 667 1201 omues
689 1143 850 1217 ingeniosos
872 1144 1088 1201 melancholicos
1103 1159 1176 1215 esse,
1195 1148 1225 1198 ut

189 1269 244 1325 ego
265 1269 310 1308 me
331 1252 480 1309 tardiorem
502 1242 568 1309 esse'
586 1269 641 1308 nou
663 1230 780 1308 moleste
802 1252 898 1310 ieram.
937 1253 1090 1309 Euomeret
1110 1252 1223 1323 multos,

188 1360 274 1434 idque
295 1360 374 1433 quasi
397 1366 520 1435 constet,
543 1359 696 1432 rationem,
724 1376 774 1416 cur
794 1360 831 1416 ita
853 1361 914 1434 liet,
945 1359 1034 1418 affert.
1087 1359 1171 1430 Quod
1200 1357 1224 1414 si

188 1475 261 1525 muta
281 1469 326 1525 uis
348 1473 390 1524 est
411 1468 445 1523 ad
467 1467 590 1524 habitum
612 1466 711 1523 mentis
734 1467 825 1542 iniis,
844 1485 915 1542 quae
937 1467 1088 1540 gignuntur
1108 1466 1138 1522 iu
1160 1482 1223 1522 cor·

188 1591 258 1648 pore
281 1570 328 1654 (ea
351 1581 414 1632 suut
435 1582 536 1648 autem,
560 1590 740 1648 quaecuuque
762 1580 835 1648 sunt,
858 1593 929 1649 quae
951 1574 1161 1632 similitudinem
1182 1573 1223 1629 ia-

188 1680 289 1757 ciant),
311 1682 381 1739 nibil
403 1681 572 1739 necessitatis
594 1681 683 1754 affert,
706 1699 756 1739 our
776 1689 923 1739 nascantur
943 1683 1039 1756 animi,
1059 1680 1222 1738 similitudo.

90 1803 96 1821 ⁶
188 1787 239 1849 81.
275 1788 379 1846 Omitto
402 1788 649 1847 dissimilitudines.
693 1790 803 1848 Ueliem
829 1791 928 1847 adesse
953 1795 1049 1863 posset
1075 1787 1222 1845 Panaetius

188 1895 279 1965 (uixit
299 1913 363 1952 cum
383 1892 553 1969 Africano):
577 1912 741 1970 quaererem
762 1913 796 1952 ex
817 1915 862 1972 eo,
885 1898 963 1954 ouius
986 1911 1100 1954 suorum
1121 1894 1222 1953 similis

188 2003 287 2060 luisset
306 2002 429 2060 iliricaui
456 2003 549 2060 fratris
575 1986 678 2078 nepos,
712 2003 782 2060 iacis
807 2006 854 2061 uel
882 2005 983 2077 patris,
1012 2007 1069 2062 uita
1097 2005 1222 2060 omnium

187 2111 360 2184 perditomm
382 2111 418 2168 ita
439 2111 554 2185 similis,
581 2117 613 2167 ut
638 2118 713 2168 esset
733 2111 814 2168 iacile
835 2113 1015 2185 deterrimus;
1038 2113 1116 2169 cuius
1138 2110 1222 2167 etiam

187 2218 286 2275 similis
318 2220 349 2276 P.
372 2218 484 2291 Crassi,
508 2224 535 2275 et
556 2217 688 2291 sapientis
709 2225 738 2275 et
758 2220 914 2294 eloquentis
936 2226 964 2277 et
984 2220 1067 2293 primi
1089 2217 1220 2292 hominis,

187 2342 285 2398 nepos,
306 2326 513 2399 multommque
535 2326 653 2383 aliorum
674 2327 813 2383 clarorum
836 2327 970 2400 uirorum,
993 2343 1065 2402 quos
1086 2327 1157 2383 nihil
1179 2332 1220 2383 at·

186 2432 253 2490 tinet
273 2433 433 2507 nominare,
462 2439 579 2506 nepotes
606 2438 634 2490 et
659 2433 720 2490 filii.
764 2435 821 2491 Sed
850 2435 918 2509 quid
940 2431 1072 2507 agimus?
1104 2433 1222 2490 oblitine

185 2557 282 2598 sumus
303 2541 358 2597 iroe
379 2557 452 2597 nuuc
473 2541 554 2598 uobis
576 2557 638 2598 esse
659 2541 849 2616 propositum,
878 2559 964 2616 quum
986 2542 1051 2600 satis
1073 2542 1108 2598 de
1130 2549 1220 2599 aeter·

168 2648 271 2733 ¹nitate
298 2649 480 2721 dixissemus,
514 2665 550 2704 ne
578 2647 602 2704 si
631 2648 774 2706 interirent
801 2651 915 2724 quidem
942 2650 1042 2723 animi,
1071 2650 1220 2724 quicquam

186 2756 252 2812 mali
274 2772 336 2812 esse
357 2755 386 2812 iu
407 2752 521 2812 morte?
548 2756 582 2812 Α.
604 2756 666 2827 Ego
688 2773 756 2813 uero
778 2758 974 2832 memineram,
997 2758 1046 2815 sed
1068 2764 1095 2815 te
1116 2758 1152 2814 de
1173 2775 1219 2815 ae·

185 2863 313 2919 ternitste
335 2862 471 2918 dicentem
493 2862 622 2918 aberrare
644 2881 661 2920 a
681 2864 826 2936 proposito
848 2864 929 2922 iacile
950 2866 1083 2938 patiebar.

270 2968 405 3025 xxxiv.
436 2966 488 3026 82.
517 2970 558 3027 Μ.
580 2969 669 3027 Uideo
692 2978 718 3029 te
739 2974 794 3028 alte
815 2978 939 3044 spectare
961 2981 989 3030 et
1008 2974 1083 3029 uelle
1104 2971 1133 3029 iu
1154 2989 1221 3030 coe·

184 3078 244 3133 lum
264 3074 393 3146 migrare.
437 3075 526 3147 Spero
556 3075 635 3150 iore,
663 3083 694 3135 ut
722 3080 862 3151 eonongat
890 3079 919 3136 id
946 3080 1037 3138 uobis.
1087 3081 1144 3137 Sed
1166 3080 1220 3154 iac,

184 3190 216 3240 ut
236 3182 282 3239 isti
303 3183 412 3253 uolunt,
432 3183 543 3240 animos
565 3200 621 3240 nou
644 3201 787 3242 remanere
808 3194 873 3258 post
893 3195 1027 3261 mortem;
1050 3188 1134 3245 uideo
1155 3206 1220 3262 nos,

186 3289 210 3348 si
235 3291 274 3348 ita
295 3288 346 3363 sit,
376 3287 481 3360 priuati
509 3307 560 3363 spe
586 3291 717 3350 beatioris
744 3294 827 3353 uitae.
870 3295 939 3352 ldali
961 3312 1029 3352 uero
1051 3295 1119 3370 quid
1140 3295 1222 3353 affert

184 3377 236 3451 ista
258 3393 414 3454 sententiat
435 3398 490 3454 Fac
510 3397 584 3454 euim
607 3400 647 3457 sie
668 3401 790 3458 animum
811 3402 935 3476 interire,
956 3409 988 3460 ut
1008 3420 1130 3476 eorpus:
1151 3421 1220 3462 num

181 3502 268 3572 igitur
288 3503 390 3579 aliquis
412 3506 494 3562 dolor
514 3512 562 3562 aut
583 3506 696 3564 omniuo
717 3514 782 3582 post
802 3516 919 3567 mortem
940 3527 1038 3569 seusus
1055 3513 1084 3569 iu
1101 3528 1222 3584 corpore

182 3605 251 3664 est?
272 3611 361 3669 Nemo
383 3613 412 3669 id
436 3614 550 3688 quidem
571 3613 647 3689 dicit,
670 3615 722 3673 etsi
742 3617 932 3675 Democritum
953 3619 1094 3677 insimulat
1113 3620 1222 3692 Epicu·

182 3730 251 3787 rus,
282 3718 457 3778 Democritici
485 3727 595 3794 negant
639 3723 682 3779 lt'e
709 3724 739 3780 iu
766 3724 859 3783 auimo
881 3727 995 3801 quidem
1015 3727 1100 3800 igitur
1120 3743 1221 3785 seusus

196 3866 201 3877 ’
250 3883 385 3944 dicuntur)
405 3888 521 3940 mouetur
536 3891 569 3942 ll.
603 3893 798 3946 similitudinem
822 3896 934 3960 iaciunt)
951 3909 973 3947 s.
991 3898 1088 3948 iaciunt
1103 3897 1136 3948 0.
1170 3911 1221 3948 na-

180 3969 297 4029 scautur)
313 3976 431 4020 nascatur
440 3973 471 4022 R.
503 3975 545 4024 81.
563 3977 800 4042 dissimilitudines)
817 3981 1004 4033 sturilitudims
1011 3983 1043 4034 ll.
1067 3983 1110 4033 82
1121 3983 1223 4047 suero·

184 4051 266 4115 uitae)
282 4053 447 4190 dotriduunt
462 4059 519 4113 110.
543 4061 588 4111 ,ἡ
894 4064 929 4119 0.
959 4067 1147 4135 nmaidei)
1162 4071 1222 4122 be-

183 4138 293 4189 morritii
337 4173 345 4190 .
