2610 4634
461 320 536 364 nse.
561 309 595 363 V.
616 310 618 313 ’
641 321 722 364 ene.
746 307 838 366 ἰ’-8.
1075 385 1083 394 Ι
1111 307 1172 372 157

131 513 276 583 luptatem.
333 511 394 578 Qua
416 509 476 581 ipsa
498 526 554 566 non
577 508 629 566 tuit
650 516 811 582 contentus,
834 527 925 583 neque
955 513 1029 569 enim
1049 531 1173 588 unquam

132 619 218 674 tinem
240 616 364 675 inueniet
385 616 482 673 libido.
533 617 592 673 Nos
622 619 724 673 uellem
745 603 870 689 praemio
893 618 993 675 elicere
1015 637 1172 697 possemus,

132 724 181 798 qui
204 724 288 780 nobis
312 723 417 797 aliquid
440 722 584 794 attulisset,
609 740 664 795 quo
687 723 740 779 hnc
761 723 868 780 firmius
891 727 1076 785 crederemus.

219 829 529 888 Vlll.21.A.Uellem
552 831 579 886 id
603 830 734 903 quidem3
758 832 808 886 sed
830 831 920 889 habeo
942 836 1077 908 paullum,
1095 837 1172 909 quod

132 939 287 1013 requiram.
335 938 397 1009 Ego
420 938 494 993 enim
516 938 652 1028 assentior
671 955 782 1011 eorum,
805 955 876 1012 quae
898 940 1032 1014 posuisti,
1055 944 1172 1023 alterum

133 1046 213 1104 alteri
236 1061 410 1117 consequens
432 1060 511 1116 esse,
539 1050 571 1099 ut
597 1046 847 1119 quemadmodum,
881 1045 904 1103 si
927 1049 1003 1120 qued
1024 1049 1172 1107 honestum

133 1156 177 1218 sit
200 1155 230 1211 id
252 1155 345 1209 solum
367 1150 403 1206 sit
424 1151 540 1220 bonum,
564 1157 694 1222 sequatur
714 1152 800 1207 uitam
818 1153 928 1210 beatam
945 1155 1045 1212 uirtute
1061 1156 1170 1231 confici,

132 1261 174 1318 sic
196 1260 220 1318 si
242 1258 299 1316 uita
321 1259 401 1314 beata
424 1256 451 1312 in
474 1257 575 1313 uirtute
597 1257 643 1331 sit,
666 1256 734 1313 nihil
757 1275 819 1315 esse
841 1260 895 1317 nisi
914 1261 1045 1319 uirtutem
1057 1264 1171 1321 honum.

133 1369 191 1427 Sed
213 1367 315 1423 Brutus
339 1370 402 1422 tuus
425 1371 536 1421 auctore
564 1364 657 1421 Aristo
686 1371 713 1421 et
740 1365 878 1424 Antiocho
907 1385 964 1424 non
991 1370 1074 1427 sentit
1100 1372 1172 1442 h0c3

132 1481 211 1548 putat
232 1473 323 1547 enim,
347 1472 430 1528 etiam
453 1473 476 1528 si
499 1470 534 1527 sit
555 1472 660 1528 bonum
681 1451 796 1545 aliquod
817 1480 927 1545 praeter
947 1475 1086 1532 uirtutem.
1130 1477 1172 1536 M.
1273 1528 1277 1534 .

132 1583 207 1652 Quid
230 1577 338 1653 igitur?
361 1586 457 1635 eontra
468 1579 621 1634 Brutumne
642 1596 687 1635 me
709 1579 847 1636 dicturum
865 1577 967 1652 putas?
989 1582 1023 1638 A.
1036 1584 1170 1658 Tuuero,

131 1696 162 1747 ut
183 1689 310 1757 uideter3
343 1703 408 1743 nam
434 1686 583 1758 praefinire
611 1703 667 1742 uon
696 1692 738 1742 est
765 1704 868 1746 meum.
912 1688 953 1746 M.
975 1689 1049 1758 Quid
1071 1691 1172 1765 cuique

130 1796 217 1869 igitur
238 1799 453 1851 consentaneum
475 1792 519 1864 sit,
542 1792 598 1848 alio
620 1794 692 1849 loco.
736 1789 787 1851 22.
803 1794 873 1850 Nam
895 1793 947 1851 ista
969 1796 1038 1853 mihi
1060 1804 1171 1855 etcum

131 1902 271 1960 Antiocho
298 1918 381 1973 saepe
403 1906 431 1956 et
453 1917 515 1956 oum
537 1899 630 1956 Aristo
653 1917 753 1973 nuper,
776 1903 861 1980 quum
883 1902 998 1959 Athenis
1020 1904 1173 1978 imperator

132 2010 207 2083 apud
229 2026 293 2065 eum
315 2009 489 2093 deuersarer,
512 2006 649 2063 dissensio
672 2007 731 2063 luit.
764 2008 835 2065 Mihi
857 2007 931 2065 enim
950 2027 1005 2067 non
1024 2011 1172 2070 uidebatur

131 2115 280 2191 quisquam
303 2131 365 2170 esse
392 2114 489 2170 beatus
517 2130 616 2187 posse,
646 2131 731 2186 quum
759 2115 787 2171 in
814 2115 895 2171 malis
917 2124 1005 2187 esset3
1033 2118 1061 2174 in
1090 2120 1171 2177 malis

131 2230 223 2281 autem
246 2222 396 2294 sapientem
417 2237 479 2278 esse
502 2237 597 2293 posse,
620 2220 644 2276 si
662 2227 756 2277 essent
772 2222 828 2278 ulla
847 2221 972 2294 corporis
985 2225 1170 2285 autfertunae

129 2332 215 2389 mala.
268 2328 440 2386 Dicebantur
467 2327 551 2399 haee,
585 2344 656 2401 quae
684 2326 795 2399 scripsit
821 2329 904 2385 etiam
924 2330 1078 2388 Antiochus
1101 2333 1170 2390 loeis

130 2439 270 2513 pluribus,
292 2435 423 2493 uirtutem
443 2433 533 2506 ipsam
557 2451 610 2507 per
631 2451 662 2491 se
682 2435 792 2491 beatam
814 2435 899 2492 uitam
921 2436 1033 2494 efficere
1053 2413 1170 2519 [posse]

131 2563 224 2619 neque
245 2551 336 2601 tamen
359 2541 569 2616 beatissimam
599 2543 699 2599 deinde
728 2560 761 2598 ex
789 2543 895 2599 maiore
922 2550 1000 2615 parte
1022 2547 1170 2620 plerasque

131 2670 178 2710 res
199 2651 348 2725 nominari,
371 2649 499 2708 etiamsi
522 2667 593 2723 quae
615 2665 680 2722 pars
703 2651 822 2722 abesset,
845 2656 875 2731 ut
895 2649 981 2723 uires,
1010 2658 1041 2707 ut
1061 2654 1169 2710 ualetu-

131 2760 237 2832 dinem,
261 2764 291 2814 ut
312 2757 433 2831 diuitias,
457 2764 488 2814 ut
508 2757 654 2830 honorem,
677 2763 707 2813 ut
729 2757 861 2828 gloriam,
884 2774 956 2830 quae
978 2774 1090 2832 genere,
1112 2764 1170 2819 nori

130 2884 248 2924 numero
271 2872 463 2939 cernerentur3
496 2865 561 2921 item
588 2847 696 2921 beatam
722 2864 823 2937 uitam,
857 2863 939 2921 etiam
967 2864 990 2920 si
1022 2868 1170 2942 exaliqua

131 2980 209 3049 parte
232 2974 392 3046 clauderet,
415 2978 507 3028 tamen
530 2990 564 3028 ex
585 2973 672 3029 multo
695 2970 800 3029 maiore
821 2978 899 3043 parte
921 2973 1047 3030 obtinere
1068 2993 1170 3034 nomen

131 3098 223 3140 suum.
266 3078 319 3138 23.
331 3079 410 3136 Haec
432 3096 506 3135 nune
529 3081 674 3136 enucleare
686 3096 741 3136 non
763 3078 800 3135 ita
821 3097 936 3137 necesse
947 3088 998 3155 est,
1011 3100 1170 3157 quamnam

131 3206 191 3246 non
213 3187 435 3245 constantissime
457 3186 592 3264 dicimihi
614 3187 750 3244 uidentur.
785 3187 858 3243 Nam
880 3194 906 3244 et
928 3190 976 3261 qui
998 3191 1095 3247 beatus
1118 3199 1168 3263 est,

130 3312 188 3352 non
209 3292 351 3369 intelligo,
375 3293 442 3367 quid
464 3293 595 3367 requirat,
618 3299 650 3349 ut
670 3295 707 3349 sit
726 3293 833 3349 beatior
856 3293 891 3360 (si
914 3301 956 3351 est
978 3274 1069 3365 enim,
1093 3298 1169 3370 quod

129 3403 212 3476 desit,
234 3418 270 3458 ne
292 3401 389 3459 beatus
411 3400 524 3474 quidem
546 3401 614 3471 est),
640 3405 668 3456 et
689 3400 765 3473 quod
786 3417 821 3455 ex
842 3400 948 3457 maiore
970 3409 1047 3472 parte
1069 3420 1168 3459 unam·

129 3526 261 3585 quaeque
278 3526 338 3566 rem
354 3509 489 3581 appellari
506 3505 679 3579 spectarique
700 3506 804 3581 dicunt,
829 3513 880 3579 est,
903 3506 952 3564 ubi
968 3507 998 3564 id
1019 3509 1168 3566 istomodo

128 3618 232 3676 ualeat.
265 3617 438 3685 Qurimuero
460 3615 513 3672 tria
536 3629 639 3687 genera
655 3615 792 3671 malorum
818 3631 880 3671 esse
901 3613 1003 3689 dieunt,
1026 3616 1074 3688 qui
1094 3616 1168 3674 duo·

199 3916 325 3984 treceniet)
342 3920 469 3970 inueniret
484 3921 514 3973 P.
548 3919 591 3967 21.
609 3917 739 3982 paullum)
762 3920 867 3980 paulum
885 3918 937 3968 ΒΡ.
974 3919 1166 3980 postrenmo,

129 4001 238 4066 Aristo)
266 4002 386 4054 Aristone
409 4005 461 4054 ltl’.
507 4003 667 4066 Brutumne)
693 4006 799 4054 Brutum
828 4017 874 4052 nee
898 4003 950 4053 ΒΡ.
994 4003 1036 4054 22.
1059 4002 1167 4068 Aristo)
1205 4067 1209 4073 ι

129 4087 251 4139 Aristone
269 4088 322 4138 ue.
359 4089 472 4152 scripsit)
491 4089 583 4152 scripte
602 4090 636 4138 sit
646 4089 704 4138 'RR
750 4085 880 4152 [posse])
908 4102 958 4136 om.
975 4089 1006 4138 u.
1023 4091 1078 4139 stoc
1095 4089 1169 4136 oecis

130 4170 186 4224 ΡΟ.
222 4172 265 4222 28.
282 4170 414 4238 uidentur)
433 4173 534 4222 uidetur
551 4173 581 4221 u.
617 4170 869 4234 temperemur.
