2610 4634
200 274 262 338 tao
412 281 1023 332 suscensuersru‘rarronun

202 476 286 537 iterii
307 476 364 547 nui
385 474 411 534 si
431 490 510 533 error
531 473 620 532 stultis
642 478 804 531 extenuetur
824 470 880 544 die,
902 476 942 542 nt,
964 487 1053 544 quum
1074 485 1122 526 res
1144 469 1238 527 eadem

199 592 317 658 maereat,
340 583 420 641 aliter
441 582 532 640 serant
554 579 715 649 inueterata,
737 578 816 636 aliter
832 577 961 652 recentia,
979 576 1122 650 sapientes
1144 595 1180 634 ne
1200 584 1237 635 at·

200 693 288 765 tingat
309 690 423 765 quidem
441 687 565 747 omnino.
594 684 645 745 40.
667 685 778 744 Etenim
792 683 855 756 quis
867 684 919 741 erit
929 685 1041 741 mndem
1052 685 1155 741 modus
1167 679 1237 741 istei

204 801 376 869 Quaeramus
406 796 481 852 euim
515 795 629 852 modum
662 791 857 864 aegritudiuis,
890 790 920 847 in
951 807 1006 864 qua
1039 808 1145 864 operae
1177 793 1238 864 pls-

204 907 305 964 rimum
326 903 448 977 ponitur.
500 902 593 972 Aegre
620 899 718 956 tulisse
747 899 779 955 P.
807 897 951 970 Rupilium
977 897 1072 956 fratris
1100 899 1238 971 repulsam

205 1013 364 1071 consulatus
386 1009 519 1081 scriptum
540 1006 614 1080 apud
636 1005 771 1063 Fannium
799 1011 848 1062 est.
900 1005 957 1062 Sed
985 1011 1080 1062 manen
1109 1005 1238 1062 transisse

199 1118 311 1176 uidetur
332 1116 457 1187 modum,
480 1113 583 1188 quippe
607 1112 655 1184 qui
679 1113 716 1170 ob
739 1129 800 1169 eam
822 1128 932 1168 causam
954 1129 969 1167 a
990 1112 1047 1169 uita
1077 1110 1239 1183 recesserit3

199 1223 368 1282 moderatius
389 1221 474 1293 igitur
496 1221 572 1277 serre
594 1217 699 1277 debuit.
735 1215 832 1288 Quint
855 1221 889 1292 si,
911 1235 999 1291 quum
1020 1218 1050 1277 id
1072 1219 1163 1276 ferret
1180 1234 1239 1274 mo

205 1331 282 1403 dice,
315 1345 391 1387 mors
413 1327 567 1385 liberorum
588 1322 770 1386 accessisset?
803 1327 871 1383 Nata
893 1331 968 1382 esset
988 1325 1137 1398 aegritudo
1160 1342 1239 1382 nona.

205 1438 262 1497 Sed
290 1454 323 1494 ea
349 1434 467 1493 modica.
521 1436 623 1506 Magna
649 1440 739 1491 umen
768 1432 838 1489 lacta
867 1439 940 1489 esset
966 1432 1103 1491 accessio.
1146 1428 1240 1501 Quint

204 1543 228 1603 si
252 1543 353 1604 deinde
374 1543 486 1601 dolores
509 1558 607 1612 graues
629 1539 764 1612 corporis,
787 1537 811 1599 si
833 1539 971 1597 bonorum
992 1539 1121 1612 amissio,
1139 1540 1165 1596 si
1180 1557 1239 1597 cae·

201 1650 278 1724 citas,
301 1650 326 1708 si
348 1645 489 1709 exilium?
512 1648 543 1705 Si
564 1663 616 1719 pro
638 1645 754 1717 singulis
776 1646 856 1705 malis
867 1647 1055 1717 aegritudines
1067 1647 1240 1721 accederent,

205 1774 314 1818 summa
334 1773 367 1813 ea
387 1757 477 1828 ficret,
498 1771 570 1826 quae
592 1770 648 1811 non
670 1752 860 1813 sustineretur.

287 1862 393 1920 xvtll.
405 1858 459 1921 41.
470 1859 524 1928 Qui
535 1859 650 1917 modum
663 1858 747 1931 igitur
769 1858 836 1916 uitio
858 1859 974 1932 quaerit,
987 1859 1118 1919 similiter
1127 1859 1200 1931 iacit,
1212 1865 1240 1916 ut

201 1969 226 2031 si
246 1984 331 2040 posse
352 1971 429 2040 putet
450 1981 525 2036 eum,
547 1963 595 2037 qui
619 1981 651 2025 se
673 1982 688 2022 e
709 1967 829 2023 Leucata
850 1966 1084 2040 praecipitauerit,
1107 1970 1240 2025 sustinere

201 2091 250 2148 se,
281 2091 367 2148 quum
390 2071 468 2133 uelit.
521 2072 559 2131 Ut
578 2071 654 2129 enim
675 2073 704 2131 id
726 2090 783 2130 non
803 2078 909 2146 polest,
938 2072 979 2130 sic
999 2073 1111 2131 animus
1132 2062 1239 2148 pertur-

205 2182 286 2239 batus
309 2186 338 2238 et
357 2179 484 2243 incitatus
505 2197 559 2237 nec
580 2179 710 2237 cohibere
738 2197 768 2240 se
790 2185 882 2252 potest
901 2197 969 2251 nec,
998 2198 1054 2255 quo
1083 2183 1148 2239 loeo
1170 2184 1239 2256 uult,

206 2289 344 2361 insistere,
367 2288 537 2361 omninoque
559 2305 631 2361 quae
646 2288 794 2346 crescentia
810 2287 965 2360 perniciosa
977 2294 1051 2362 sunt,
1062 2288 1163 2345 eadem
1180 2294 1241 2347 sunt
1279 2347 1282 2357 ,

201 2396 301 2455 uitiosa
323 2394 470 2453 nascentia.
529 2392 581 2452 42.
608 2394 763 2465 aegritudo
789 2375 884 2453 autem
908 2370 1071 2468 ceteraeque
1093 2397 1240 2469 perturba·

201 2502 291 2559 tiones
313 2501 496 2574 amplificatae
521 2506 596 2557 certe
617 2501 765 2573 pestilerae
787 2508 860 2559 sunt.
892 2502 981 2574 igitur
997 2501 1080 2559 etiam
1098 2508 1241 2577 susceptae

203 2608 333 2666 continuo
356 2607 385 2665 in
406 2625 508 2679 magna
540 2609 626 2680 pestis
654 2613 732 2680 parte
759 2615 912 2666 uersentur.
965 2608 1078 2666 Etenim
1106 2610 1186 2683 ipsae
1212 2627 1241 2669 ss

202 2714 359 2790 impellunt,
383 2714 432 2771 ubi
454 2716 541 2772 semel
563 2715 707 2772 aratione
729 2716 883 2773 discessum
906 2723 957 2787 est,
978 2715 1096 2789 ipsaque
1120 2716 1175 2775 sibi
1189 2717 1241 2775 im·

202 2821 339 2880 becillitas
361 2820 486 2893 indulget
508 2821 537 2878 in
559 2823 700 2897 altumque
721 2822 884 2895 prouehitur
895 2823 1057 2895 imprudens
1075 2841 1129 2882 nec
1139 2823 1241 2898 reperit

203 2928 298 2984 locum
313 2928 489 2985 consistendi.
522 2929 711 2997 Quamobrem
731 2928 802 2985 nihil
823 2929 948 3002 interest,
970 2935 1063 2987 uuum
1083 2933 1241 2990 moderatas

205 3033 426 3106 perturbationes
447 3033 611 3104 approbent,
633 3052 668 3092 an
689 3035 859 3096 moderatam
880 3035 1051 3110 iniustitiam,
1069 3040 1241 3097 moderatam

140 3127 143 3130 ¹
202 3139 352 3212 ignauiann
381 3139 549 3199 moderatam
570 3139 816 3212 intemperantiam.
860 3143 915 3211 Qui
937 3143 1011 3201 eninr
1031 3143 1109 3201 uitiis
1126 3147 1243 3204 modum

202 3245 333 3319 apponit,
360 3244 384 3302 is
406 3252 513 3317 partem
533 3247 649 3320 suscipit
669 3246 810 3309 uitiorum.
865 3250 947 3319 Quod
969 3267 1055 3322 quum
1076 3251 1173 3323 ipsum
1192 3269 1242 3326 per

205 3370 237 3413 se
259 3353 387 3411 odiosum
409 3359 467 3426 est,
490 3359 548 3410 tum
570 3371 604 3411 eo
626 3356 786 3427 molestius,
814 3357 879 3429 quia
902 3363 965 3414 sunt
985 3357 1015 3414 in
1036 3358 1148 3416 lubrico
1168 3359 1241 3417 inei·

203 3467 312 3536 lataque
330 3463 417 3519 semel
432 3460 552 3535 procliui
570 3463 699 3521 labuntur
721 3462 906 3536 sustinerique
917 3465 995 3521 nullo
1008 3465 1093 3520 modo
1115 3471 1242 3536 possunt.

290 3567 371 3625 XlX.
400 3565 451 3629 43.
484 3567 582 3638 Quid?
617 3570 694 3643 qnod
716 3570 800 3629 iidem
822 3569 996 3644 Peripatetici
1018 3572 1241 3643 perturbationes

203 3671 281 3747 istas,
304 3690 373 3745 quas
395 3689 446 3731 nos
469 3677 644 3749 extirpandas
666 3684 810 3751 putamus,
833 3694 889 3733 non
911 3679 995 3736 modo
1017 3679 1158 3736 naturales
1179 3695 1241 3736 esse

272 3921 387 3986 maneat)
404 3930 524 3975 maneant
540 3924 593 3975 nl).
629 3922 724 3992 terant]
741 3926 803 3977 terat
816 3925 869 3979 ΒΡ.
896 3923 940 3980 40.
948 3925 1095 3989 Rupilium)
1113 3927 1241 3977 Rutilium

203 4002 258 4053 ΒΡ.
293 4003 336 4054 41.
354 4019 405 4068 ouo
424 4007 499 4071 loco)
523 4010 568 4070 qui
586 4010 603 4059 l.
620 4009 662 4068 R..
683 4011 925 4071 rancoremque
943 4012 960 4061 Ι.
995 4012 1038 4062 42.
1055 4011 1164 4076 reperit)
1180 4026 1241 4074 rep-

205 4090 270 4152 perit
285 4089 317 4139 li.
353 4086 396 4138 43.
415 4088 528 4152 nos)non
564 4092 618 4143 ΒΡ.
826 4098 832 4109 ’
1204 4082 1208 4091 ’
