2610 4634
130 316 192 377 148
299 327 411 372 ruse.
446 326 606 372 nrsrur.
652 323 727 371 nrn.
753 312 800 369 lv.
830 326 916 371 cnr.
939 312 995 373 38.

128 523 211 580 buius
239 519 431 592 disputationis
457 517 567 573 modus.
623 516 700 574 Scire
729 523 820 573 autem
852 535 905 573 nos
933 525 1046 591 oportet
1073 518 1163 591 cogui-

127 631 179 699 tis,
202 628 294 702 quoad
316 632 432 698 possunt
453 625 488 681 ab
511 624 623 680 bomine
646 625 787 697 cognosci,
811 625 950 681 bonorum
982 633 1010 681 et
1032 629 1163 682 malorum

128 737 230 794 finibus
253 735 322 791 nibil
345 752 360 789 a
381 731 556 806 philosophia
579 747 662 803 posse
692 737 737 787 aut
766 731 855 787 maius
886 739 934 788 aut
961 733 1059 790 utilius
1083 733 1164 807 optari

128 860 211 917 quam
233 843 312 912 baec,
335 856 438 913 quaca
460 838 617 894 nobishoc
640 838 796 911 quadriduo
813 839 951 924 disputata
971 846 1045 897 suut.
1080 843 1165 899 Morte

129 951 202 1007 euim
224 953 380 1020 contempta
393 938 429 1001 'ct
450 945 550 1001 dolore
572 945 607 1001 ad
628 944 788 1017 patiendum
810 947 902 1002 leuato
924 946 1105 1005 adiunximus
1125 965 1165 1004 se·

128 1057 268 1113 dationem
296 1053 492 1124 aegritudiuis,
523 1069 577 1124 qua
606 1053 714 1107 nullum
743 1051 849 1109 bomini
878 1055 985 1110 malum
1007 1054 1100 1112 maius
1120 1063 1165 1111 est

116 1156 188 1220 'Etsi
210 1160 284 1216 enim
306 1161 399 1216 omnis
419 1158 502 1216 animi
525 1159 697 1231 perturbatio
719 1159 814 1229 grauis
834 1166 877 1216 est
899 1179 951 1217 nec
972 1163 1093 1218 multum
1115 1161 1165 1218 dii-

128 1269 182 1325 iert
203 1268 238 1324 ab
265 1267 399 1338 amentia,
432 1273 523 1323 tamen
558 1258 628 1344 [ila]
658 1273 784 1347 ceteros,
811 1285 899 1341 quum
928 1274 994 1324 sunt
1020 1268 1050 1325 in
1079 1269 1165 1342 aliqua

128 1374 334 1449 perturbatione
357 1380 403 1430 aut
424 1381 513 1431 metus
536 1380 583 1429 aut
604 1372 723 1429 lactitiae
746 1379 793 1429 aut
814 1373 990 1447 cupiditatis,
1014 1383 1166 1433 commotos

128 1485 213 1540 modo
235 1488 264 1539 et
283 1482 458 1554 perturbatos
479 1482 572 1538 dicere
594 1481 734 1553 solemus3
757 1487 784 1537 at
806 1497 864 1554 eos,
888 1481 936 1553 qui
958 1499 991 1538 se
1004 1483 1166 1555 aegritudini

129 1591 302 1663 dedidemnt,
324 1589 453 1662 miseros,
475 1587 601 1660 sillictus,
620 1604 811 1659 aerumnosos,
830 1588 1015 1645 calamitosos.
1051 1587 1103 1648 83.
1115 1591 1165 1647 lta·

129 1715 183 1772 que
205 1714 261 1753 non
284 1695 396 1751 lortuito
419 1694 522 1751 iactum
543 1693 668 1767 uidetur,
693 1694 829 1751 sedate
852 1695 960 1750 ratione
983 1697 1164 1769 propositum,

128 1811 160 1861 ut
180 1803 326 1876 separatim
348 1802 384 1858 dc
406 1801 579 1872 aegritudine
601 1801 684 1858 etde
712 1801 810 1857 ceteris
832 1802 1092 1874 perturbationibus
1112 1805 1166 1861 dis-

129 1917 308 1983 putaremus3
330 1908 359 1964 in
382 1925 414 1964 ea
435 1913 478 1964 est
499 1909 574 1964 eninr
596 1908 659 1965 lons
682 1907 856 1965 miseriarum
878 1914 905 1964 el
927 1916 1018 1981 caput.
1066 1912 1122 1968 Sed
1142 1919 1165 1969 ct

128 2016 309 2089 aegritudinis
341 2021 368 2070 et
395 2015 566 2088 reliquorum
589 2015 673 2071 animi
694 2016 857 2072 morborum
888 2033 944 2072 uua
978 2019 1085 2076 sanatio
1116 2026 1164 2091 est,

129 2141 226 2185 omnes
249 2122 404 2197 opinabiles
426 2139 488 2180 esse
517 2129 543 2178 ct
565 2123 737 2179 uoluntarios
766 2140 798 2178 ea
826 2139 912 2196 reque
941 2124 1065 2200 suscipi,
1094 2127 1164 2200 quod

128 2231 166 2290 ita
189 2239 294 2289 rectum
314 2246 378 2288 esse
399 2230 534 2287 uideatur.
584 2230 668 2286 Hunc
689 2225 812 2286 errorem
834 2230 914 2303 quasi
935 2232 1060 2290 radicem
1081 2235 1165 2292 malo·

130 2357 191 2396 rum
222 2338 346 2394 omnium
375 2336 499 2409 stirpitus
528 2336 706 2410 philosophia
736 2353 767 2394 se
794 2343 977 2394 extracturam
1010 2342 1164 2413 pollicetur.

129 2443 180 2504 84.
203 2447 308 2502 Demus
331 2444 416 2516 igilur
438 2459 488 2499 nos
510 2442 575 2500 huic
597 2444 765 2500 excolendos
787 2443 980 2518 patiamurque
996 2464 1050 2504 nos
1069 2450 1164 2507 sanari.

129 2552 183 2610 His
206 2552 282 2609 enim
308 2551 390 2608 malis
418 2551 603 2607 insidentibus
636 2568 692 2607 uon
718 2551 802 2606 modo
832 2550 923 2624 beati,
958 2555 1008 2610 sed
1041 2574 1077 2613 ne
1110 2544 1165 2614 saui

130 2661 243 2734 quidem
265 2676 328 2716 esse
349 2674 508 2732 possumus.
552 2658 608 2714 Aut
628 2658 712 2730 igitur
733 2674 867 2730 negemus
890 2638 1040 2736 quiequam
1063 2665 1166 2722 ratione

131 2767 246 2841 confici,
274 2783 362 2841 quum
383 2772 479 2822 contra
500 2764 569 2821 nihil
592 2766 652 2822 sine
682 2765 787 2821 ratione
809 2771 883 2821 recte
904 2763 965 2821 lieri
987 2768 1095 2843 possit,
1124 2773 1166 2824 aut

130 2889 216 2945 quum
238 2873 416 2947 philosophia
438 2891 472 2929 ex
494 2874 631 2930 rationum
653 2873 800 2931 collatione
822 2876 938 2944 constet,
968 2872 1005 2927 ab
1027 2889 1071 2946 ea,
1094 2873 1118 2931 si
1142 2881 1166 2930 et

129 2978 197 3035 boni
219 2983 247 3034 et
268 2979 341 3034 beati
362 2980 493 3037 uolumus
517 2995 589 3053 esse,
612 2979 705 3036 omnia
723 2980 879 3037 adiumenta
891 2986 918 3036 et
928 2979 1032 3038 auxilia
1041 2987 1166 3055 petamus

130 3082 204 3141 bene
224 3085 360 3157 beateque
380 3083 504 3141 uiuendi.
1065 3090 1068 3094 ⁴

200 3349 243 3399 82.
262 3362 308 3398 nos
326 3348 442 3413 oportet)
461 3363 507 3399 uos
525 3365 567 3412 op.
586 3351 640 3400 ΒΡ.
685 3349 808 3416 cognitis)
827 3358 852 3403 et
870 3351 978 3413 cognitis
995 3352 1026 3403 P.
1071 3353 1168 3417 quoad)

132 3436 199 3496 quod
217 3437 248 3485 sd
267 3436 296 3484 P.
332 3433 490 3501 quadriduo]
508 3436 642 3497 quatriduo
653 3434 685 3488 0.
720 3435 784 3499 qua)
793 3437 853 3499 qula
863 3437 892 3485 P.
929 3434 1006 3502 [itaD
1022 3439 1079 3488 sine
1096 3439 1168 3487 nord

131 3520 184 3570 ltt’.
206 3520 262 3570 ml.
280 3521 461 3584 insidentibus)
480 3521 659 3571 insidientibus
676 3520 705 3569 P.
740 3520 853 3586 ratione)
868 3521 961 3571 rationi
978 3522 1033 3572 br.
1089 3552 1099 3573 0
