2610 4634
410 269 485 317 urs.
508 256 530 314 1.
573 269 644 315 cnr.
667 253 801 317 11-12.
1081 257 1122 320 11

83 459 119 519 A.
142 459 207 517 Feci
227 455 398 532 mehercule,
420 457 581 532 etquidem
603 458 738 533 saepius3·
753 458 813 533 sed,
836 457 930 517 neseio
952 475 1008 532 quo
1025 461 1121 534 modo,

84 567 152 625 dnm
174 569 254 641 lego,
283 566 434 641 assentior,
463 582 549 638 quum
575 563 659 638 posui
687 565 790 621 libmm
819 571 847 622 et
872 582 982 623 mecum
1004 566 1064 639 ipse
1086 567 1122 624 de

82 673 289 731 immortalitate
310 671 467 730 animorum
488 671 568 743 coepi
589 671 721 745 cogitare,
733 671 868 759 ¹assensio
891 674 981 729 omnis
999 673 1046 730 illa
1063 675 1108 731 ela

82 781 167 839 bitur.
221 777 275 838 25.
304 780 345 839 Μ.
373 777 448 846 Quid
476 775 552 834 hoc?
585 778 670 834 dasne
697 785 745 834 ant
774 796 887 836 manere
919 780 1027 836 animos
1059 785 1123 852 post

82 894 201 944 mortem
223 891 270 942 ant
290 892 379 942 morte
407 885 468 958 ipsa
495 882 630 941 interiret
661 887 696 942 A.
717 887 763 942 Do
784 903 861 944 uero.
905 887 944 945 Μ.
967 883 1065 955 Quid?
1098 886 1122 944 si

81 989 234 1051 maneant?
255 998 290 1049 A.
312 993 413 1050 Beatos
435 1008 498 1048 esse
519 992 652 1048 concedo.
696 993 736 1050 Μ.
760 992 809 1049 Sin
823 989 978 1050 intereant?
1000 994 1035 1049 Α.
1057 994 1121 1050 Non

83 1113 146 1154 esse
167 1097 301 1173 miseros,
324 1099 456 1172 quoniam
480 1114 515 1153 ne
536 1097 591 1154 sint
611 1097 740 1172 quidem3
768 1116 831 1155 nam
854 1098 928 1155 istud
949 1101 1036 1156 coacti
1057 1118 1073 1156 a
1094 1107 1121 1158 te

81 1204 177 1276 paullo
199 1211 264 1262 ante
285 1205 483 1264 concessimus.
513 1206 553 1264 M.
571 1204 634 1272 Quo
656 1206 740 1261 modo
762 1205 847 1278 igitur
867 1212 915 1261 ant
935 1224 984 1263 eur
1003 1212 1122 1263 mortem

81 1312 188 1368 malum
208 1311 261 1368 tibi
282 1311 372 1368 uideri
400 1309 485 1382 dicis,
514 1328 585 1384 quae
613 1318 659 1367 aut
685 1312 780 1368 beatos
816 1328 868 1368 uos
895 1311 995 1369 efficiet
1022 1313 1122 1371 animis

82 1417 256 1475 manentibus
278 1424 325 1475 aut
346 1433 402 1473 non
424 1417 541 1474 miseros
563 1433 649 1473 sensu
670 1415 818 1475 carentes?

166 1525 233 1585 XII.
260 1522 312 1584 26.
338 1524 373 1580 A.
402 1525 520 1595 Expone
543 1522 641 1595 igitur,
665 1523 719 1579 nisi
740 1526 889 1581 molestum
910 1531 968 1599 est,
990 1525 1122 1597 primum,

81 1630 106 1688 si
132 1636 231 1705 potes,
254 1631 360 1689 animos
397 1648 540 1688 remanere
568 1636 634 1704 post
653 1636 787 1705 mortem3
820 1637 893 1706 tum,
922 1631 946 1689 si
973 1633 1064 1689 minus
1093 1633 1123 1689 id

83 1738 221 1796 obtinebis
244 1735 305 1813 (est
326 1738 401 1795 enim
424 1736 575 1812 arduum),
597 1736 711 1794 docebis
734 1755 828 1796 carere
850 1737 927 1795 omni
949 1741 1023 1796 malo
1046 1756 1122 1796 mor·

81 1851 147 1902 tem.
189 1845 253 1916 Ego
275 1845 348 1901 enim
369 1844 441 1901 istuc
462 1844 554 1917 ipsum
575 1861 691 1918 uereor,
719 1862 754 1902 ne
775 1846 879 1902 malum
901 1846 952 1920 sit,
981 1865 1038 1903 non
1059 1847 1123 1905 dico

82 1968 177 2009 carcre
206 1967 307 2025 sensu,
337 1952 386 2008 sed
408 1952 557 2008 carendum
585 1967 656 2008 esse.
699 1953 740 2008 M.
762 1952 929 2010 Auctoribus
952 1955 1066 2027 quidem
1088 1955 1123 2013 ad

81 2060 164 2117 istam
185 2057 357 2130 seutentiam,
381 2075 465 2131 quam
484 2057 526 2114 uis
547 2057 675 2130 obtineri,
694 2057 734 2113 uti
752 2057 864 2130 optimis
876 2076 1035 2134 possumus,
1047 2063 1124 2134 quod
1223 2068 1227 2077 “

82 2165 113 2222 in
135 2164 266 2221 omnibus
294 2165 384 2221 causis
416 2171 444 2221 et
470 2165 554 2221 debet
576 2171 602 2221 et
624 2165 695 2221 solet
715 2166 809 2222 ualere
830 2167 992 2240 plurimum,
1015 2175 1044 2225 et
1063 2168 1122 2241 pri·

81 2288 159 2328 mum
185 2271 299 2344 quidem
327 2272 403 2329 omni
431 2271 607 2345 antiquitate,
637 2288 708 2344 quae
736 2288 792 2343 quo
821 2273 937 2345 propius
966 2275 1061 2331 aberat
1087 2274 1122 2332 ab

82 2385 144 2435 ortu
161 2384 188 2434 et
204 2379 297 2436 diuina
318 2376 464 2454 progenie,
486 2379 540 2435 hoc
560 2378 661 2437 melius
678 2394 711 2434 ea
726 2378 854 2455 fortasse,
866 2397 937 2453 quae
955 2388 1033 2439 eraut
1045 2399 1122 2456 uera,

82 2485 220 2542 cernebat

166 2589 218 2650 27.
249 2593 347 2665 ltaque
378 2609 465 2649 unum
493 2592 564 2648 illud
591 2597 650 2648 erat
676 2591 788 2647 insitum
815 2591 914 2663 priscis
942 2593 1018 2667 illis,
1050 2611 1124 2666 quos

82 2698 178 2756 caseos
205 2699 327 2772 appellat
351 2698 476 2774 Ennius,
507 2715 569 2756 esse
598 2698 626 2754 in
647 2704 736 2754 morte
759 2715 872 2754 sensum
893 2715 985 2770 neque
1007 2716 1123 2758 excessu

83 2806 156 2863 uitae
177 2805 219 2861 sic
247 2805 334 2861 deleri
362 2805 518 2878 bominem,
548 2809 579 2860 ut
606 2805 729 2862 funditus
756 2805 896 2881 interiret,
924 2805 1009 2882 idque
1037 2824 1123 2880 quum

81 2911 177 2969 multis
204 2912 267 2968 aliis
295 2913 395 2986 rebus,
424 2919 520 2969 turne
541 2911 683 2985 pontificio
706 2912 766 2969 iure
793 2917 820 2969 et
842 2930 857 2969 e
880 2913 1053 2970 caerimoniis
1076 2931 1122 2971 se·

81 3020 244 3091 pulerorum
271 3018 389 3090 intelligi
416 3019 495 3091 licet,
530 3036 599 3092 quas
633 3020 760 3076 maximis
789 3020 908 3091 ingeniis
931 3020 1047 3092 praediti
1071 3039 1123 3080 nec

82 3131 156 3182 tarsta
186 3141 252 3182 cura
284 3125 435 3183 coluissent
465 3143 517 3182 nee
554 3126 670 3182 uiolatus
708 3134 764 3183 tam
795 3127 957 3200 inexpiabili
988 3130 1123 3201 religione

83 3231 254 3306 sanxissent,
277 3232 332 3289 nisi
354 3233 480 3289 haereret
501 3232 531 3288 in
553 3249 651 3289 eorum
672 3234 810 3290 mentibus
833 3241 950 3291 mortem
972 3253 1029 3292 non
1050 3236 1122 3294 inte·
1161 3306 1165 3313 .

82 3338 167 3396 ritum
182 3355 250 3395 -esse
272 3339 364 3396 omnia
385 3340 527 3396 tollentem
550 3345 631 3412 atque
654 3339 802 3413 delentem,
821 3342 869 3397 sed
889 3343 1026 3414 quandam
1044 3343 1123 3414 quasi

82 3443 275 3516 migrationem
297 3445 593 3518 commutationemque
621 3445 711 3520 uitae,
741 3463 812 3519 quae
839 3446 868 3503 in
897 3448 978 3504 claris
1006 3447 1074 3504 uiris
1096 3456 1124 3507 et

83 3550 195 3607 leminis
218 3552 274 3607 dux
294 3551 323 3609 iu
344 3553 453 3609 coelum
475 3553 578 3608 soleret
599 3569 671 3626 esse,
694 3552 723 3608 in
743 3553 841 3608 ceteris
863 3552 939 3609 humi
961 3553 1124 3614 retineretur

84 3663 112 3714 et
129 3665 305 3729 permaneret
325 3667 424 3716 tamen.
466 3657 517 3719 28.
539 3659 584 3714 Ex
605 3659 659 3714 boe
679 3664 708 3714 et
728 3664 886 3714 nostrornm
908 3658 1039 3732 opinione

151 3870 194 3921 25.
212 3871 301 3934 Quid?
318 3874 341 3924 si
361 3877 441 3941 man.)
460 3878 527 3938 qnod
545 3877 569 3926 si
586 3890 654 3927 mnu.
672 3877 704 3927 lt.
742 3890 801 3927 narn
820 3877 905 3939 istud)
927 3880 977 3931 iunr
1001 3882 1070 3933 istud
1087 3884 1119 3935 R.

83 3953 126 4006 26.
144 3955 168 4005 si
185 3962 273 4021 poteS,
291 3957 407 4026 animos)
433 3963 547 4029 animos,
571 3963 594 4012 si
611 3970 683 4025 potes
702 3962 733 4012 0.
770 3960 916 4028 obtinebis)
941 3968 1072 4018 obtenebis
1089 3970 1121 4027 R.

83 4038 152 4091 istuc
169 4039 271 4107 ipsum)
288 4042 357 4094 istud
373 4045 422 4107 ips.
434 4045 465 4096 0.
501 4047 632 4108 cernebat)
649 4052 812 4101 cernebantlt
856 4053 899 4102 27.
917 4053 1016 4119 caseos)
1034 4064 1122 4106 cassos

82 4119 116 4173 a.
151 4135 167 4174 e
184 4124 361 4194 caerimoniis)
378 4129 482 4182 enesim.
500 4128 533 4183 0.
565 4132 723 4201 inexpiabili)
741 4135 894 4200 inexplebile
910 4137 944 4188 u.
