2610 4634
584 310 645 355 xiil

71 514 73 517 ·
100 496 314 559 restituendam
350 501 437 558 acute
477 487 766 573 excogitauisseut‚'
786 495 921 557 codicum
960 498 1138 577 corruptelis

97 606 239 695 praetuli,
261 619 314 676 aut
335 632 401 675 mea
422 615 594 686 conjectura
616 632 721 674 uerum
739 614 943 692 quaerendum
953 615 1035 679 duxi.
1067 615 1136 690 Qua

99 735 129 793 in
158 734 335 794 reductum
363 736 394 793 et
418 731 597 793 beneuolum
625 731 769 792 auxilium
798 733 863 793 eius
891 733 950 793 uiri
979 734 1136 823 clarissimi

98 855 182 928 grato
203 830 302 911 auimo
323 851 466 929 cognom,
495 851 581 911 cuius
602 851 722 910 nomine
749 848 826 910 hanc
848 849 1008 911 editionem
1029 869 1137 912 ornare

98 972 130 1028 et
151 969 226 1030 uiris
248 969 343 1029 doctis
370 967 576 1028 commendare
604 967 695 1027 uolui.
738 963 843 1045 Neque
865 985 938 1028 uero
959 968 1047 1028 aliter
1069 967 1140 1028 lieri·

97 1089 211 1165 potuit,
234 1104 323 1164 quam
343 1089 377 1145 ut
398 1084 500 1146 mullis
522 1083 596 1145 locis
618 1102 687 1163 cum
708 1063 872 1145 nouissimo
896 1085 1134 1146 Tusculanarum

98 1203 469 1282 disputationumeditorc
488 1202 635 1262 Knonzro
658 1203 745 1280 [narn
765 1202 942 1263 Moerentia
959 1203 1134 1293 colligendis

99 1322 201 1399 potius
223 1339 313 1398 quam
334 1323 365 1380 in
386 1319 550 1398 deligendis
572 1321 728 1397 scripturis
756 1324 874 1380 uersata
896 1321 1048 1398 diligentia
1069 1319 1134 1397 cst)

98 1439 298 1499 consentirem
321 1455 444 1498 necesse
465 1440 561 1516 esset,
584 1436 637 1496 sed
658 1439 758 1496 lamen
780 1439 810 1497 in
832 1437 967 1515 pluribus
989 1438 1133 1498 dissentio

97 1559 243 1636 oreretur,
268 1555 378 1634 quippe
400 1568 492 1633 quum
502 1553 647 1634 Klotzius‚
662 1555 825 1614 acerrimus
842 1553 981 1614 defensor
1000 1554 1135 1615 codicum

10 1695 13 1700 ·
96 1675 186 1735 eliam
214 1674 245 1733 in
272 1672 465 1754 corruptelis,
496 1690 554 1731 non
583 1689 658 1733 raro¹
679 1671 872 1732 soloecismos
899 1675 952 1733 aut
980 1689 1030 1752 ea,
1058 1690 1135 1749 quae

96 1793 274 1852 seutentiam
305 1794 407 1870 aperte
429 1790 636 1868 deprnuamnt,
664 1807 719 1868 pro
748 1787 951 1851 Ciceronianis
978 1790 1134 1850 uenditare

98 1913 129 1969 ct
154 1909 250 1986 longis
282 1907 454 1986 ambagibus
487 1909 691 1984 contortisque
724 1872 1018 1987 interpretationibus
1052 1925 1134 1968 corn-

97 2028 236 2087 mendarc
257 2026 329 2086 mihi
351 2024 554 2098 uideretur*).
642 2077 645 2079 ,

164 2307 193 2372 l)
213 2309 364 2371 Quanquam
382 2315 543 2375 argumenta,
560 2309 655 2372 quibus
672 2282 875 2363 iaecsentemia
892 2311 994 2377 nititur,
1012 2324 1132 2374 magnam

96 2399 193 2455 purtem
219 2394 246 2442 in
273 2395 306 2443 iis
331 2397 538 2460 continebuntur,
559 2409 624 2457 quac
647 2397 679 2446 dc
706 2397 816 2458 singulis
840 2397 902 2446 locis
925 2409 984 2446 mor
1006 2397 1132 2446 atterenda

96 2484 164 2541 sunt,
182 2483 268 2528 tamen
285 2491 336 2541 quo
353 2480 441 2528 minus
450 2479 567 2528 Klolzlus
585 2481 612 2529 in
629 2480 750 2529 iniustam
770 2480 994 2541 reprehensionem
1010 2469 1133 2530 incidisse

96 2561 227 2625 uideatur,
253 2563 295 2612 hic
323 2575 425 2623 quoquc
450 2563 571 2612 nonnulla
597 2557 907 2625 commemorare'cogor,
934 2576 1043 2623 quornm
1071 2564 1132 2613 alibi

95 2645 183 2693 nullus
201 2645 272 2693 locus
289 2652 329 2694 est
346 2645 562 2694 commemorandi
568 2661 576 2708 3
600 2645 709 2706 plurima
727 2658 788 2694 uero
807 2647 882 2706 plane
898 2628 1133 2707 praeteriiesutius

95 2733 167 2789 puto.
185 2728 240 2777 Lm.
258 2728 270 2775 l
288 2723 483 2790 sidlllotzius
501 2728 539 2778 sic
556 2730 675 2790 scripsit:
693 2729 748 2778 cllo
764 2729 980 2786 attractionem
1000 2741 1069 2778 mors
1086 2729 1134 2779 titi

94 2812 180 2860 uideri
195 2812 296 2860 mulum
308 2813 399 2876 possit
417 2813 463 2862 scd
481 2813 540 2874 quis
556 2815 632 2863 lcrret
648 2814 783 2875 repetitum
801 2813 866 2863 illud
883 2813 969 2862 ull-ct
984 2827 1035 2863 uuo
1052 2827 1133 2865 uoca-

94 2898 155 2946 lrulo
174 2896 340 2958 interposito?
360 2897 457 2948 Prioris
474 2897 594 2947 obliuisci
611 2902 678 2948 cerlo
695 2911 747 2948 uon
764 2898 846 2960 poluit
856 2897 952 2961 Cicero,
962 2898 1024 2947 dum
1040 2911 1131 2949 uocem

94 2986 193 3042 septem
211 2981 351 3033 litterarum
368 2981 479 3042 scripsit.
513 2977 585 3044 lips
606 2982 653 3032 ed:
673 2983 757 3044 Qeort
772 2995 837 3032 acro
852 2983 912 3046 tcta,
929 2983 973 3031 oct
990 2984 1130 3046 quicquam

95 3070 149 3113 mm
164 3066 279 3126 potuerit
299 3066 323 3114 cl
342 3066 433 3115 molius
457 3065 587 3129 occidere,
613 3067 681 3116 lraud
697 3066 758 3117 vscio
781 3078 812 3116 an
835 3078 911 3115 nemo
937 3067 1131 3128 explicationem

94 3149 254 3198 Klotzisnam
272 3149 414 3211 intelligere
432 3149 520 3211 possit.
554 3151 592 3200 llr.
611 3146 631 3213 S
651 3149 711 3200 rol:
728 3150 830 3200 Durior
840 3149 968 3213 Diopcncr
985 3156 1010 3200 ct
1025 3153 1053 3201 td
1070 3154 1132 3216 qoi-

95 3233 292 3296 domescticus,
309 3235 369 3297 red,
387 3238 416 3282 ut
435 3227 553 3296 maleus,
570 3235 701 3299 aspellam,
715 3235 802 3298 proici
820 3248 847 3284 rc
864 3232 946 3284 icam?
958 3236 1130 3286 intematum.

95 3315 164 3377 Quid
182 3318 259 3378 igitur
281 3318 361 3368 sensit
378 3317 528 3378 Diogenes?
552 3317 628 3384 llus
652 3318 718 3368 116:
741 3319 892 3368 Alcidamas
913 3320 1021 3382 paridam
1042 3321 1131 3369 rteter
1230 3350 1234 3355 a

69 3402 217 3463 ‚antiquos
238 3403 267 3450 to
285 3401 381 3464 primia
402 3401 506 3452 nodilo.
540 3402 615 3464 Quod
638 3403 661 3452 si
682 3403 745 3452 lracc
766 3416 818 3453 non
844 3409 986 3465 repugnant
1008 3405 1130 3468 inuicem,

93 3483 296 3536 Alcidamantem
315 3490 340 3535 ct
358 3487 488 3549 quendam
505 3488 625 3550 appellari
644 3492 670 3537 et
685 3488 715 3536 ta
728 3488 824 3549 primia
840 3487 960 3548 nobilem,
978 3487 1130 3542 renuidem

94 3569 156 3629 quid
174 3569 208 3618 sit
223 3569 397 3630 repugnantia.
419 3569 532 3635 (Mirum
553 3583 623 3633 sano,
645 3571 716 3632 quod
732 3569 845 3621 Orellius
868 3571 953 3619 locum
974 3569 1080 3620 Suctnni
1097 3572 1129 3622 de

92 3652 184 3702 illustr.
203 3658 336 3714 grammat.
359 3652 405 3717 10,
427 3666 505 3716 quem
529 3655 621 3719 attulit,
645 3660 793 3716 corruptum
813 3666 942 3704 essenon
958 3653 1039 3718 uidit3
1064 3656 1129 3706 nilril

93 3737 188 3786 certius
205 3748 282 3796 quarn
300 3737 353 3786 illic
369 3738 532 3789 scribendum
550 3751 622 3788 csse:
648 3738 682 3786 ln
705 3750 764 3793 com
779 3751 836 3788 rem
852 3738 1013 3787 adiutorium
1030 3739 1054 3788 ci
1069 3738 1131 3800 fecit

93 3820 233 3868 mociano
251 3822 377 3881 quidem
388 3808 484 3872 Attcios
493 3821 786 3881 praecommonere
794 3822 983 3884 prommoticua
990 3820 1139 3884 Ladmus.)
1164 3825 1166 3829 ’

93 3905 149 3956 Lib.
168 3905 193 3959 ll
221 3902 274 3969 §4
291 3906 353 3966 quid
374 3907 424 3956 sliri
442 3907 522 3957 uelint
544 3906 649 3970 comitto
670 3905 830 3968 reliquorum
851 3905 1063 3967 philosophorum
1086 3905 1129 3953 dt-

91 3989 216 4050 rctpliala,
233 4002 308 4038 nemo
326 3988 400 4038 iacile
419 3989 524 4050 dircril3
541 4002 590 4040 nec
611 3988 762 4051 quisquam,
781 3989 849 4050 quod
866 3991 956 4039 codem
973 3988 1038 4036 libro
1056 3983 1076 4050 S
1096 3986 1129 4034 19

92 4071 257 4132 scripsistis:
272 4072 337 4120 Tum
353 4071 591 4143 consolabantur,
600 4084 681 4134 quum
698 4072 786 4135 olent,
794 4078 845 4135 aut,
854 4070 984 4133 quodlib.
994 4069 1039 4118 lll.
1049 4065 1069 4132 S
1079 4069 1127 4116 75:

95 4155 161 4231 ilem
188 4155 297 4219 donique
313 4170 368 4204 non
385 4155 595 4219 appellabatur
619 4166 719 4218 recem,
738 4167 818 4217 quaem
834 4158 957 4204 cclmtutc
984 4151 1126 4211 exercit,
