2610 4634
454 267 529 315 rra.
553 256 575 314 l.
614 271 686 315 cnr.
711 253 794 317 5-a

170 459 260 514 samio
283 475 416 514 ramorum
436 476 540 531 aquom
561 463 699 538 maruno
721 465 827 516 erector
853 462 902 516 riti
925 460 1075 534 Toutelas,

98 569 158 622 tum
180 564 261 638 iliud,
284 565 360 638 quod

662 671 917 745 Sisyphos'oersot

183 795 285 836 socom
305 781 410 834 sedeas
431 780 542 835 nitendo
565 794 651 851 oeque
667 781 782 854 proficit
804 782 906 854 hilum,

96 887 216 943 fortasse
244 885 327 942 etiam
355 884 540 941 inexorabiles
569 885 690 959 iudices,
719 887 813 944 Minos
841 893 869 943 et
895 885 1135 961 Rhadamanthus,

96 993 171 1066 apud
199 1008 272 1065 quos
299 1008 350 1048 nee
371 998 399 1047 te
420 993 454 1047 L.
476 991 593 1048 Crassus
616 992 746 1048 defendet
773 1008 825 1047 nec
847 992 887 1049 M.
909 992 1045 1049 Antonius
1073 1011 1134 1066 nee,

94 1099 229 1172 quoniam
261 1099 335 1170 apud
367 1098 488 1155 Graecos
521 1097 626 1154 iudices
653 1116 698 1154 res
726 1105 838 1171 agetur,
871 1100 975 1171 poteris
1004 1100 1136 1157 adhibere

94 1206 330 1278 Demosthenem
360 1204 410 1260 tibi
437 1204 492 1276 ipsi
514 1222 566 1277 pro
588 1211 614 1261 te
636 1205 689 1262 erit
717 1205 835 1262 maxima
864 1222 966 1263 corona
989 1224 1071 1264 causa
1093 1207 1136 1263 di·

94 1313 191 1369 cenda.
235 1313 313 1368 Haeo
340 1312 456 1368 fortasse
482 1312 582 1368 metuis
612 1319 639 1369 et
665 1312 769 1368 idcirco
796 1319 915 1369 mortem
943 1331 1039 1370 censes
1072 1331 1135 1372 esse

94 1419 295 1503 sempiternum
316 1419 429 1474 malum.
473 1420 522 1475 Vl.
551 1420 586 1475 A.
613 1420 730 1475 Adeone
759 1436 804 1475 me
826 1421 945 1477 delirare
968 1438 1080 1493 censes,
1105 1428 1135 1478 ut

93 1526 146 1583 ista
168 1541 230 1582 esse
252 1521 386 1582 credam?
407 1526 448 1583 M.
459 1526 504 1581 An
527 1531 556 1581 tu
577 1525 645 1582 haec
668 1543 723 1581 nou
746 1523 858 1582 credis?
879 1529 914 1582 A.
926 1527 1042 1584 Minime
1055 1543 1134 1584 uero.

92 1634 134 1690 M.
154 1633 231 1691 Male
253 1632 366 1688 hercule
387 1649 493 1690 narras.
536 1633 571 1688 A.
594 1629 675 1689 Cur?
703 1615 817 1705 quaeso.
850 1633 891 1691 M.
919 1633 990 1702 Quia
1015 1634 1134 1691 disertus

93 1756 156 1796 esse
178 1755 307 1813 possem,
337 1737 362 1795 si
389 1745 483 1795 contra
505 1739 556 1796 ista
583 1740 714 1796 dicerem.
760 1737 810 1797 11.
832 1738 866 1795 A.
889 1741 959 1808 Quis
982 1741 1056 1796 enim
1078 1756 1134 1798 non

93 1844 123 1903 in
152 1845 290 1903 eiusmodi
320 1842 432 1902 causa?
464 1852 511 1902 aut
548 1845 615 1918 quid
642 1846 736 1917 negoti
766 1853 808 1902 est
840 1845 908 1902 haec
934 1852 1078 1920 poetarum
1106 1853 1134 1904 et

92 1951 231 2024 pictorum
252 1957 378 2025 portenta
401 1948 589 2009 conuincere?
612 1954 651 2011 M.
669 1952 755 2026 Atqui
773 1954 848 2025 pieni
866 1952 932 2010 libri
954 1957 1018 2008 sunt
1038 1956 1133 2007 contra

91 2057 143 2115 ista
169 2058 230 2131 ipsa
250 2058 448 2115 disserentium
475 2059 716 2131 philosophorum.
759 2060 794 2116 A.
817 2061 914 2132 inepte
944 2074 1019 2116 sane.
1062 2057 1132 2124 Quis

91 2165 167 2221 enim
190 2171 232 2222 est
258 2171 314 2222 tam
335 2181 449 2235 excors,
478 2182 562 2238 quem
586 2165 639 2222 ista
660 2162 814 2222 moueant?
847 2167 886 2225 M.
916 2166 946 2222 Si
969 2179 1036 2234 ergo
1058 2162 1132 2235 apud

91 2269 196 2328 interos
217 2270 313 2328 miseri
335 2289 392 2328 non
414 2278 488 2344 sunt,
511 2289 546 2327 ne
569 2277 633 2327 sunt
654 2273 768 2344 quidem
788 2273 863 2344 apud
885 2271 989 2328 inferos
1012 2246 1072 2325 ulli.
1094 2271 1130 2328 A.

90 2380 132 2436 lta
153 2394 268 2451 prorsus
290 2379 428 2436 existimo.
461 2379 501 2437 M.
525 2379 578 2436 Ubi
601 2385 664 2435 sunt
685 2395 752 2449 ergo
774 2377 804 2451 ii,
826 2395 898 2451 quos
915 2378 1032 2434 miseros
1050 2376 1130 2452 dicis,

90 2492 138 2542 aut
158 2502 242 2558 quem
269 2485 362 2542 locum
384 2482 530 2541 incolunt?
568 2485 597 2541 Si
621 2485 695 2541 enim
723 2490 802 2557 sunt,
831 2501 966 2556 nusquam
990 2500 1131 2541 essenon

90 2598 216 2664 possunt.
249 2592 284 2649 A.
305 2593 367 2663 Ego
389 2609 457 2648 uero
479 2608 617 2663 nusquam
639 2608 701 2648 esse
723 2591 788 2646 illos
810 2597 886 2662 puto.
921 2591 961 2648 Μ.
985 2589 1130 2660 igiturne

90 2715 153 2755 esse
175 2698 298 2771 quidem.
340 2698 376 2753 A.
399 2699 517 2755 Prorsus
539 2698 593 2754 isto
615 2699 717 2770 modo,
740 2702 879 2752 ettamen
901 2696 1018 2752 miseros
1041 2697 1077 2751 ob
1099 2696 1129 2752 id

89 2805 184 2878 ipsum
205 2805 328 2878 quidem,
351 2805 417 2879 quia
438 2805 508 2861 nulli
531 2805 595 2861 sint.
629 2801 678 2862 12.
700 2805 740 2863 Μ.
762 2806 820 2860 lam
842 2804 953 2860 mallem
976 2799 1129 2858 Cerberum

88 2919 241 2984 metueres,
271 2928 354 2984 quam
376 2912 428 2968 ista
448 2917 504 2967 tam
526 2910 727 2968 inconsiderate
749 2912 866 2970 diceres.
908 2911 944 2967 A.
973 2907 1047 2978 Quid
1069 2912 1128 2962 tan·

89 3015 176 3075 dem?
199 3020 239 3077 M.
262 3018 353 3087 Quem
374 3035 436 3075 esse
458 3035 554 3091 negas,
576 3020 696 3075 eundem
718 3035 779 3076 esse
801 3017 879 3075 dicis.
923 3016 978 3074 Ubi
1000 3022 1042 3072 est
1062 3031 1129 3071 acu·

88 3141 155 3182 men
176 3121 277 3181 tuum?
299 3127 392 3194 Quum
415 3125 489 3181 enim
510 3125 642 3181 miserum
661 3143 724 3182 esse
743 3125 822 3199 dicis,
840 3132 898 3182 tum
917 3103 1055 3196 eum,'qui
1071 3137 1128 3177 non

90 3231 140 3305 εἰ,
163 3231 232 3287 dicis
254 3248 328 3289 esse.
370 3232 405 3289 A.
427 3232 491 3288 Non
519 3248 581 3288 sum
602 3233 638 3289 ita
660 3232 763 3306 hebes,
786 3239 817 3289 ut
842 3233 916 3288 istud
944 3231 1043 3286 dicam.
1086 3229 1127 3287 M.

88 3339 165 3407 Quid
184 3338 255 3395 dicis
277 3335 385 3409 igitur?
413 3340 447 3395 A.
465 3338 600 3398 Miserum
622 3356 684 3395 asse
706 3339 786 3396 uerbi
807 3357 889 3396 causa
921 3339 961 3395 M.
985 3337 1125 3406 Crassum,

86 3444 138 3517 qui
166 3444 228 3501 iiias
257 3445 380 3502 fortunas
409 3447 500 3502 morte
528 3445 680 3519 dimiserit;
713 3448 845 3503 miserum
872 3446 922 3502 Cn.
949 3440 1125 3514 Pompeium,

88 3552 137 3625 qui
158 3557 233 3609 muta
254 3553 343 3624 gloria
365 3552 401 3610 sit
422 3553 551 3626 orbatus;
580 3570 676 3610 omnes
698 3553 818 3626 denique
843 3552 976 3623 miseros,
1004 3546 1052 3619 qui
1074 3546 1126 3603 hac

159 3778 264 3821 enectus
281 3770 344 3834 siti)
361 3771 404 3821 Sia
420 3771 487 3820 Non.
502 3785 532 3834 ρ.
550 3770 611 3821 401
620 3773 700 3823 More.
719 3772 760 3832 siti
779 3776 897 3820 enecatus
921 3769 952 3820 0.
987 3765 1125 3828 Tanusius)

87 3856 255 3907 Tautrrluslt.
290 3861 344 3905 tum
363 3855 441 3919 iilud)
458 3856 502 3905 Sic
518 3857 584 3905 Non.
600 3872 628 3919 p.
648 3855 700 3906 m
718 3863 743 3905 et
759 3853 829 3918 3533
847 3868 908 3904 num
926 3856 989 3904 iuuu
1008 3853 1040 3904 Ο.
1076 3855 1124 3904 de-

87 3942 190 4005 iendet)
207 3954 259 3989 om.
277 3940 309 3989 Β.
346 3940 385 3988 il.
404 3941 462 3990 iibri
480 3944 554 4000 sunt)
577 3949 637 3991 sunt
654 3942 711 3991 iibri
730 3940 760 3990 0.
796 3941 865 3990 enim
888 3942 936 4002 est)
953 3945 994 3989 est
1011 3941 1079 3989 enim
1089 3939 1122 3990 0.

82 4030 147 4077 snut
163 4021 245 4088 ergo)
270 4037 329 4084 emo
348 4030 408 4074 sunt
424 4024 456 4079 0.
500 4027 564 4075 nulli
582 4025 649 4091 sint)
666 4030 768 4087 nsunt
784 4025 817 4076 0.
861 4025 899 4079 12.
918 4025 985 4087 Quid
1004 4021 1123 4088 tandem)

85 4109 132 4172 qui
151 4115 169 4160 t.
187 4108 219 4160 0.
254 4109 293 4161 M.
313 4109 450 4173 Crassum)
464 4110 585 4162 Crassum
604 4113 636 4163 R.
