2610 4634
464 309 541 358 nan.
565 298 613 356 lv.
656 312 740 358 car.
763 294 854 358 5-o.
1113 297 1173 360 tto

133 501 213 576 quod
235 478 333 570 πάθος
353 501 402 559 ille
423 501 508 575 dicit,
541 517 639 559 auersa
665 518 682 558 a
710 507 784 558 recta
804 502 910 558 ratione
932 505 1027 558 contra
1048 508 1172 559 naturam

135 609 223 666 animi
245 608 403 665 commotio.
446 608 567 675 Quidam
589 608 701 664 breuius
723 607 959 680 perturbationem
980 624 1043 665 esse
1064 608 1171 680 appeti-

134 723 195 772 tum
217 714 470 787 uehementiorem,
492 715 544 771 sed
564 714 800 771 uehementiorem
822 695 896 772 eum*
908 715 1007 771 uolunt
1027 730 1100 788 csse,
1143 715 1172 771 ui

135 821 248 893 longius
269 821 430 878 discesserit
449 839 465 877 a
487 827 599 878 natnne
627 821 790 879 constantia.
832 821 928 877 Partes
950 828 1041 878 autern
1062 829 1171 893 pertur-

135 929 278 986 bationem
306 930 405 984 uolunt
430 929 596 988 exduobus
613 927 734 1000 opinatis
755 927 838 984 bonis
860 927 935 984 nasci
957 935 1041 985 etex
1062 929 1171 986 duobus

133 1035 256 1109 opinatis
278 1035 377 1106 malis,
404 1035 442 1091 ita
463 1051 526 1091 esse
547 1042 692 1109 quattuor3
720 1053 755 1091 er
777 1035 858 1092 bonis
878 1034 1023 1091 libidinem
1044 1041 1073 1091 et
1093 1034 1171 1091 laeti·

135 1143 219 1216 tiam,
241 1149 273 1199 ut
293 1142 330 1198 sit
364 1141 466 1198 laetitia
486 1142 673 1214 praesentium
699 1142 854 1214 bonorum,
887 1141 974 1198 libido
995 1141 1170 1214 futurorum,

133 1267 170 1306 ex
192 1249 273 1305 malis
295 1254 399 1305 metum
421 1254 448 1304 et
468 1249 669 1320 aegritudinem
689 1249 764 1305 nasci
786 1255 908 1320 censent,
930 1255 1033 1304 metum
1055 1247 1170 1319 futuris,

134 1356 337 1426 aegritudinem
368 1355 569 1427 praesentibus.
623 1357 700 1424 Quae
728 1355 802 1411 enim
834 1354 973 1412 uenientia
1002 1361 1171 1426 metuuntur,

134 1463 234 1519 eadem
261 1461 386 1518 alliciunt
414 1462 585 1533 aegritudine
612 1462 751 1519 instantia.
807 1460 856 1519 12.
883 1461 998 1518 Laetitia
1025 1467 1116 1518 autem
1145 1468 1172 1517 et

133 1569 224 1626 libido
252 1569 282 1626 in
309 1569 450 1626 bonorum
478 1567 608 1640 opinione
635 1574 795 1639 uersantur,
829 1585 915 1641 quum
947 1568 1035 1624 libido
1068 1568 1102 1623 ad
1132 1568 1170 1638 id,

134 1677 213 1748 qnod
234 1676 344 1733 uidetur
365 1677 488 1749 bouum,
510 1677 603 1732 illecta
624 1680 652 1732 et
672 1676 839 1732 inflammata
861 1675 996 1748 rapiatur,
1019 1673 1120 1730 laetitia
1142 1679 1173 1730 ut

133 1782 235 1854 adepta
266 1781 322 1838 iam
353 1783 459 1855 aliquid
486 1783 661 1854 concupitum
690 1782 823 1838 efferatur
851 1788 879 1838 et
907 1781 1014 1853 gestiat.
1068 1782 1171 1838 Natura

134 1888 210 1945 enim
236 1905 337 1957 omnes
362 1907 410 1963 ea,
445 1906 517 1962 qnae
542 1890 617 1947 bona
646 1889 791 1962 uidentur,
820 1895 973 1962 sequuntur
1004 1888 1171 1961 fugiuntque

132 1995 280 2053 contraria.
333 1997 523 2065 Quamobrem
550 1996 632 2053 simul
661 1996 768 2053 obiecta
796 1996 904 2068 species
933 2002 975 2052 est
1006 1995 1170 2068 cuiuspiam,

133 2103 211 2175 quod
233 2103 337 2159 bonnm
360 2102 496 2176 uideatur,
520 2105 554 2159 ad
576 2104 605 2159 id
627 2103 835 2174 adipiscendum
858 2102 976 2173 impellit
994 2102 1053 2174 ipsa
1065 2108 1170 2158 natura.

133 2212 167 2269 ld
189 2228 276 2284 quum
303 2216 462 2266 constanter
493 2211 697 2282 prudenterque
723 2212 771 2282 lit,
803 2196 940 2265 eiusmodi
972 2208 1171 2280 appetitionem

133 2317 222 2376 Stoici
247 2299 390 2393 βούλησιν
411 2318 566 2389 appellant,
595 2332 646 2372 nos
667 2317 839 2387 appellamus
868 2317 1047 2371 uoluntatem.
1100 2314 1171 2370 Eam

132 2425 176 2482 illi
198 2431 294 2497 putant
314 2423 343 2480 in
365 2425 427 2479 solo
449 2439 511 2479 esse
533 2423 672 2494 sapiente,
696 2436 779 2494 quarn
802 2422 842 2478 sic
864 2421 1013 2478 definiunt:
1044 2422 1171 2477 uoluntas

133 2538 195 2605 est,
218 2529 379 2604 quecquid
407 2547 469 2586 cnm
490 2529 596 2586 ratione
619 2529 765 2586 desiderat.
808 2530 886 2597 Quae
915 2535 1006 2584 autem
1028 2527 1170 2584 aratione

133 2654 233 2696 auersa
254 2638 363 2694 incitata
383 2643 427 2693 est
447 2637 650 2707 uehementius,
673 2653 705 2691 ea
727 2635 814 2691 libido
837 2643 879 2692 cst
901 2636 946 2691 uel
968 2633 1103 2707 cupiditas
1126 2633 1169 2691 ei·

133 2746 250 2819 frenata,
273 2762 345 2818 quae
367 2743 396 2799 in
418 2743 547 2800 omnibns
570 2741 659 2799 stultis
681 2741 830 2798 inuenitur.
864 2739 912 2800 13.
936 2743 1061 2813 itemque
1084 2757 1170 2812 quum

131 2853 171 2909 ita
191 2869 349 2925 monemur,
371 2850 449 2906 utin
471 2851 546 2906 bono
568 2849 654 2906 simus
676 2848 781 2921 aliquo,
808 2847 954 2919 dupliciter
977 2848 1005 2903 id
1026 2847 1170 2918 contingit.
1199 2837 1201 2842 ’

133 2961 205 3017 Nam
227 2977 314 3033 quum
336 2943 448 3014 ratione
468 2957 574 3013 animus
602 2962 729 3011 mouetur
757 2956 865 3027 placide
893 2961 976 3029 atque
1003 2959 1169 3026 constanter,

107 3054 193 3123 'tum
214 3065 284 3122 illud
306 3065 438 3136 gaudium
459 3064 576 3136 dicitur3
598 3079 683 3135 quum
705 3070 795 3119 autem
818 3062 935 3120 inaniter
952 3070 981 3120 et
1000 3063 1088 3119 effuse
1110 3061 1168 3118 uni·

132 3189 197 3229 uns
223 3174 341 3243 exultat,
370 3179 428 3227 tum
458 3172 504 3227 illa
531 3170 633 3228 laetitia
659 3171 780 3241 gestiens
811 3172 855 3226 uel
884 3170 968 3227 nimia
990 3170 1045 3227 dici
1068 3175 1170 3241 potest,

132 3296 218 3353 quarn
240 3280 278 3336 ita
300 3280 442 3349 definiunt,
465 3278 526 3334 sine
547 3277 653 3334 ratione
672 3277 755 3333 animi
773 3277 930 3335 elationem.
963 3275 1170 3347 Quoniamque,

131 3395 163 3442 ut
184 3387 259 3443 bona
281 3393 378 3442 natura
398 3386 564 3458 appetimus,
587 3384 627 3440 sic
649 3383 761 3440 amalis
779 3390 875 3440 natura
891 3384 1079 3453 declinamus,
1098 3397 1168 3452 quae

130 3491 281 3550 declinatio
301 3509 364 3548 cum
385 3494 491 3549 ratione
512 3495 569 3565 liet,
593 3491 682 3546 cautio
705 3491 867 3562 appelletur,
891 3506 979 3561 eaque
1001 3486 1169 3557 intelligatur

131 3601 161 3659 in
184 3602 247 3657 solo
269 3616 330 3656 esse
353 3599 492 3671 sapientc3
526 3615 596 3670 quac
619 3604 709 3653 autem
732 3596 791 3653 sine
813 3597 918 3653 ratione
940 3602 967 3654 et
987 3611 1048 3650 cum
1071 3593 1169 3650 exani-

203 3813 243 3863 ll.
261 3815 374 3874 naturae)
393 3817 480 3862 natura
498 3814 526 3863 P.
562 3811 733 3876 aegritudine)
750 3812 906 3873 aegritudine
916 3811 946 3862 ll.
982 3808 1168 3870 aegritudinem

130 3900 159 3949 1³.
206 3896 246 3947 12.
270 3898 370 3951 illectal
394 3897 486 3948 iniecta
511 3900 563 3948 ΒΡ.
608 3899 740 3949 efferatur)
761 3896 883 3946 celeratur
899 3895 931 3945 lt.
976 3894 1116 3944 necteretur
1136 3894 1166 3942 Ρ.

129 3982 239 4046 Natura)
258 3990 346 4033 nature
364 3983 408 4031 lll’
452 3990 490 4032 cst
508 3979 665 4045 cuiuspiam)
683 3982 783 4043 culusp.
799 3985 839 4029 cst
851 3979 882 4030 0.
918 3993 932 4028 a
950 3980 1046 4029 ratione
1065 3978 1168 4041 auerso)

130 4068 228 4118 ratione
245 4069 353 4118 aduersa
370 4066 448 4119 ΠΡΟ.
491 4068 529 4118 13,
549 4082 607 4118 curn
627 4068 733 4128 ratione)
753 4066 774 4113 si
793 4078 851 4114 curn
869 4066 966 4115 ratione
989 4064 1064 4114 neo.
1100 4065 1168 4123 csse)

129 4159 159 4203 ec
181 4153 232 4202 ltl’.
