2610 4634
371 304 447 348 niu.
472 291 524 348 lll.
568 305 647 349 cnr.
669 290 806 351 21-22.
1061 292 1103 354 nn

62 497 152 554 ullam
175 494 206 552 in
228 494 380 566 sapientem
402 494 460 551 uim
482 511 544 551 esse
566 494 707 568 fortunae,
729 501 840 550 tenuem
860 497 965 552 uictum
986 497 1104 554 antefert

63 605 192 676 copioso,
214 609 297 674 negat
318 602 406 657 ullum
428 618 490 658 esse
511 608 632 674 tempus,
655 617 711 673 quo
733 601 843 673 sapiens
861 619 916 659 non
937 603 1034 660 beatus
1053 603 1102 676 sit3

63 710 160 768 omnia
181 709 349 782 philosopho
372 707 472 782 dignu,
507 710 555 766 sed
579 726 640 765 cum
664 709 804 780 uoluptate
826 711 984 780 pugnantia.
1037 711 1103 767 Non

64 817 146 875 istam
178 815 246 873 dicit
275 816 454 886 uoluptatem
507 815 588 871 Dicat
619 814 786 888 quamlibet3
816 832 915 888 nempe
944 833 1003 873 eam
1026 817 1102 890 dicit,

64 923 94 980 in
116 898 171 996 qus
193 922 302 980 uirtutis
324 923 401 977 nulla
422 938 487 992 pars
508 922 581 978 insit.
636 923 712 995 Age,
743 921 766 977 si
789 923 960 994 uoluptatem
981 941 1037 980 non
1059 923 1103 980 in·

65 1031 229 1102 telligimus,
252 1045 288 1085 uc
309 1029 435 1085 dolorem
458 1027 593 1102 quidem?
615 1030 694 1101 Nego
717 1029 801 1100 igitur
822 1030 882 1088 eius
900 1048 972 1104 esse,
990 1031 1102 1104 quido·

66 1140 127 1197 lore
150 1153 289 1195 summum
311 1137 414 1191 malum
435 1136 571 1207 metiatur,
594 1136 763 1193 mentionem
785 1137 877 1194 iacere
898 1139 1016 1195 uirtutis.
1084 1143 1088 1149 '

151 1231 294 1302 xxtjao.
310 1244 348 1300 Et
368 1250 521 1316 queruntur
542 1243 817 1316 quidam·Epicurei,
839 1244 893 1301 uiri
916 1245 1012 1317 optimi
1025 1245 1104 1315 (nam

66 1352 177 1409 nullum
199 1367 287 1422 genus
309 1356 352 1406 est
371 1350 464 1406 minus
486 1341 679 1425 malitiosum),
697 1368 741 1406 me
759 1351 882 1408 studiose
901 1352 993 1412 dicere
1010 1359 1103 1408 contra

66 1459 231 1532 Epicurum.
263 1458 315 1530 lta,
339 1458 433 1530 credo,
456 1458 491 1513 de
513 1456 619 1513 honore
641 1462 688 1512 aut
705 1457 739 1512 de
759 1457 891 1528 dignitate
903 1460 1103 1515 contendimus.

67 1565 140 1627 ltili
162 1580 301 1623 summum
322 1564 351 1620 in
373 1564 464 1620 animo
487 1564 594 1619 bonum
614 1563 735 1634 uidetur,
753 1563 795 1619 illi
813 1565 950 1621 antemio
969 1582 1103 1638 corpore3

67 1673 138 1740 mibi
159 1672 189 1729 in
208 1671 327 1746 uirtute,
357 1671 398 1727 illi
426 1671 456 1727 in
483 1672 634 1742 uoluptate.
677 1670 714 1727 Et
735 1671 776 1728 illi
798 1678 922 1743 pugnant
943 1678 970 1728 et
991 1673 1105 1744 quidem

69 1780 227 1839 uicinorum
248 1780 333 1835 fidem
354 1778 520 1850 implorant3
544 1752 623 1834 multi
645 1783 736 1834 autem
758 1785 831 1853 sunt,
854 1779 903 1852 qui
925 1780 1015 1836 statim
1038 1797 1105 1836 con-

67 1889 176 1945 uolent.
216 1887 280 1957 Ego
303 1885 425 1959 sumis,
448 1884 497 1958 qui
519 1885 608 1941 dicam
632 1902 677 1941 me
699 1903 755 1942 non
777 1886 920 1961 laborare,
943 1894 1034 1945 adum
1055 1889 1105 1944 lra-

68 1995 201 2066 bitnrum,
225 1993 301 2064 quod
324 1992 439 2064 egerint.
483 1988 533 2050 51.
547 1991 621 2061 Quid
643 1990 740 2049 onim?
762 1995 797 2050 de
820 1995 895 2052 bello
918 1996 1023 2052 Punico
1046 1995 1106 2067 agi·

68 2097 138 2158 tur?
171 2100 284 2172 dequo
306 2099 369 2171 ipso
391 2116 477 2172 quum
505 2099 580 2155 aliud
598 2099 648 2165 M.
672 2100 787 2174 Catoni,
820 2101 897 2157 aliud
925 2102 957 2158 l..
985 2104 1104 2159 Lentulo

66 2208 228 2279 uideretur,
256 2207 332 2262 nulla
352 2204 425 2262 inter
447 2223 494 2262 eos
518 2207 684 2262 concertatio
705 2223 827 2279 unquam
849 2207 909 2263 luit.
964 2209 1002 2265 Hi
1024 2207 1106 2265 nimis

68 2314 203 2372 iracunde
218 2320 313 2386 agunt,
336 2312 499 2385 praesertim
521 2329 608 2385 quum
630 2313 664 2369 ab
687 2312 720 2370 iis
744 2330 800 2369 uon
822 2329 888 2371 sane
910 2317 1034 2373 animosa
1057 2317 1107 2371 de·

68 2423 198 2481 fendatur
209 2420 367 2494 sententia,
401 2436 451 2491 pro
479 2438 534 2494 qua
556 2437 612 2476 nun
634 2420 663 2476 in
686 2427 797 2493 senatu,
831 2438 888 2478 non
916 2422 945 2479 in
968 2422 1106 2495 contione,

69 2546 128 2587 non
152 2528 226 2601 apud
253 2527 415 2598 exercitum,
442 2545 534 2601 neque
556 2528 590 2584 nd
613 2545 742 2584 censores
765 2528 857 2585 dicere
879 2531 1004 2585 audeant.
1051 2530 1107 2586 Sed

70 2653 135 2695 cum
163 2635 222 2692 istis
249 2635 317 2691 alias
346 2640 373 2690 et
394 2651 427 2691 eo
449 2635 564 2707 quidem
585 2635 693 2707 animo,
724 2636 832 2691 nullum
853 2641 884 2692 ut
906 2644 1042 2693 certamen
1063 2637 1107 2692 in-

70 2744 192 2816 stituam,
213 2758 313 2798 uemm
334 2742 489 2798 dicentibus
512 2741 593 2797 facile
615 2742 719 2798 cedam.
754 2742 872 2799 Tantum
889 2744 1060 2800 admonebo:
1083 2742 1107 2799 si

69 2851 191 2910 maxime
215 2866 312 2907 uerum
334 2849 369 2905 sit
390 2850 426 2905 od
448 2865 548 2921 corpus
571 2848 663 2905 omnia
685 2849 789 2906 referre
811 2850 963 2922 sapientem
985 2850 1055 2924 siue,
1078 2856 1109 2906 ut

70 2958 216 3017 honestius
238 2957 343 3029 dicam,
365 2957 434 3013 nihil
457 2955 565 3029 lacere,
588 2955 641 3012 nisi
663 2959 739 3030 quod
761 2958 903 3032 expediat,
934 2957 994 3015 siue
1017 2958 1108 3014 omnin

71 3067 178 3126 reterre
199 3065 234 3122 ad
255 3064 400 3121 utilitatem
421 3080 509 3136 suam,
533 3063 664 3136 quoniam
686 3065 754 3122 haec
775 3067 933 3139 plausibilia
955 3084 1012 3123 nou
1034 3072 1107 3140 sunt,

69 3174 153 3232 utin
175 3172 238 3229 sinu
263 3172 408 3244 gaudeant,
432 3170 554 3242 gloriose
575 3171 653 3244 loqui
676 3172 809 3230 desinant.

156 3280 251 3336 xxtl.
274 3276 324 3337 52.
356 3278 571 3351 Cyrenaicorum
594 3285 677 3336 restat
699 3280 845 3352 scutentia,
868 3281 917 3354 qui
939 3289 996 3338 tum
1017 3280 1108 3351 aegri·

70 3387 196 3446 tudinem
218 3391 333 3442 censent
353 3385 481 3455 existere,
504 3388 528 3441 si
551 3388 714 3458 necopinato
737 3388 804 3460 quid
826 3387 958 3444 euenerit.
1007 3387 1060 3441 Est
1080 3384 1109 3440 id
1145 3368 1148 3373 ⁹

72 3495 189 3570 quidem
209 3510 356 3566 magnum,
384 3500 416 3549 ut
443 3509 526 3564 supra
555 3492 628 3565 dixi3
662 3495 743 3550 etiam
771 3493 929 3566 Chrysippo
956 3491 992 3548 its
1018 3490 1110 3548 uideri

71 3603 148 3676 scio,
171 3601 249 3675 quod
269 3600 415 3673 prouisum
435 3606 498 3658 ante
519 3617 576 3656 non
598 3601 648 3674 sit,
673 3601 700 3656 id
723 3600 807 3657 ferire
828 3598 1035 3673 uehementius3
1059 3599 1129 3665 sed=

141 3892 184 3943 49.
207 3893 251 3955 ‹pd
269 3891 376 3958 dolore)
395 3894 457 3956 quid
476 3897 589 3946 dolorem
608 3896 661 3946 ΒΡ.
704 3895 746 3948 50.
766 3894 887 3958 uiridem)
908 3893 1012 3956 quidem
1030 3893 1109 3946 ltPtl.

71 3978 114 4030 51.
132 3977 264 4043 contione)
281 3979 442 4030 contentione
459 3981 491 4031 n.
526 3995 575 4031 non
594 3980 675 4045 antid)
692 3981 760 4042 epod
779 3980 807 4028 P.
841 3979 873 4028 ed
893 3977 1025 4042 censores)
1042 3979 1110 4041 apod

73 4074 193 4116 censores
209 4063 238 4116 P.
274 4063 574 4130 sapientem-reterre)
591 4079 641 4115 om.
658 4065 688 4114 P.
723 4062 907 4128 sinu)signum
916 4065 971 4114 llP.
996 4062 1111 4113 ὀιζυρο-

73 4148 145 4214 sent)
162 4154 250 4200 censet
265 4147 296 4202 P.
331 4147 420 4213 tertre)
437 4150 491 4200 flerl
508 4149 562 4200 ΒΡ.
596 4151 643 4201 sed
660 4162 712 4202 non
729 4174 765 4186 -
782 4146 974 4213 uehementius)
992 4160 1042 4196 om.
1060 4147 1090 4197 P.

878 4247 911 4298 7*
