2610 4634
192 285 233 346 68
427 298 655 345 ruscunau.
678 279 1023 373 nrsrurirrorruu

191 488 341 547 uindicabit
361 494 423 544 ante
444 504 549 561 paene,
564 502 647 560 qrram
668 484 784 545 uenerit.
813 516 853 528 —
877 487 933 543 Sed
955 486 979 543 si
1000 491 1044 544 est
1064 492 1157 544 tantus
1175 488 1230 545 do·

185 598 246 671 dor,
269 600 387 668 quantus
408 591 599 651 Philoctetae?
621 623 661 635 -
684 572 761 648 Bene
782 594 864 663 plane
885 609 1002 665 magnus
1024 592 1093 649 milri
1116 593 1230 666 quidem

116 700 120 713 '
191 702 318 777 uidetur,
348 703 397 759 sed
418 707 509 758 tamen
538 717 594 756 non
615 714 756 772 summus;
787 698 855 755 nibil
878 700 952 756 enim
981 701 1058 755 dolet
1084 698 1140 755 nisi
1164 676 1233 773 pest

191 815 310 881 possunt
330 807 414 879 oculi,
437 814 527 879 potest
548 813 646 878 caput,
669 807 771 878 latera,
794 807 959 878 pulmones,
980 812 1098 877 possunt
1121 804 1229 879 omnia;

188 915 276 986 longe
296 913 380 984 igitur
400 914 479 969 abest
499 930 514 969 a
536 928 645 969 summo
668 913 774 968 dolore.
829 912 917 984 Ergo,
939 911 1039 986 iuquit,
1062 912 1146 968 dolor
1168 912 1230 969 diu·

191 1024 289 1076 tumus
311 1019 394 1075 babet
415 1018 533 1075 laetitiae
555 1020 619 1090 plus
648 1035 732 1090 quam
753 1016 906 1074 molestiae.
928 1047 970 1057 -
997 1013 1049 1075 45.
1071 1019 1155 1074 Nune
1177 1035 1230 1090 ego

190 1142 247 1181 non
268 1141 383 1197 possum
404 1130 508 1181 tautum
529 1124 670 1179 bominem
699 1123 768 1179 nibil
790 1139 887 1194 sapere
909 1123 1019 1197 dicere3
1048 1125 1099 1180 sed
1120 1142 1173 1181 uos
1195 1125 1230 1182 ab

191 1247 226 1288 eo
248 1231 368 1287 derideri
389 1236 464 1302 puto.
498 1231 560 1301 Ego
581 1230 720 1285 summum
742 1229 868 1285 dolorem
880 1204 1038 1304 (summum
1050 1231 1229 1306 autemdico,

191 1337 273 1394 etiam
295 1336 318 1392 si
340 1338 436 1393 decem
458 1336 558 1393 atomis
579 1342 621 1392 est
637 1335 725 1392 maior
746 1335 830 1404 alius)
853 1352 909 1391 non
931 1336 1062 1394 continuo
1076 1353 1143 1394 esse
1166 1337 1229 1395 dicu

183 1444 306 1501 1111111111
333 1445 492 1516 multosque
518 1459 634 1514 possum
662 1444 751 1499 bonos
779 1441 856 1498 uiros
884 1442 1043 1517 nominare,
1072 1444 1123 1516 qui
1150 1462 1228 1501 com·

191 1551 286 1621 plures
307 1567 395 1607 anuos
419 1550 563 1607 doloribus
576 1551 715 1622 podagrae
726 1549 882 1605 crucientur
903 1548 1040 1607 maximis.
1075 1550 1132 1607 Sed
1144 1550 1228 1607 homo

188 1664 285 1714 ¹cautus
300 1674 439 1729 uunquam
455 1657 583 1713 terminat
604 1672 655 1713 nec
673 1648 869 1726 magnitudinis
887 1672 940 1712 nen
960 1654 1145 1713 diuturnitatis
1166 1674 1228 1714 mo·

190 1763 273 1835 dum,
291 1771 327 1820 ut
348 1764 449 1836 sciam,
472 1761 538 1834 quid
560 1779 698 1818 summum
720 1761 792 1818 dieat
812 1760 842 1817 in
863 1762 976 1836 dolore,
1001 1762 1069 1835 quid
1091 1764 1180 1820 breue
1201 1764 1230 1820 iu

191 1873 326 1939 tempore.
370 1868 536 1924 Omittamus
559 1867 632 1923 bunc
649 1868 733 1938 igitur
754 1866 824 1922 nibil
847 1884 962 1939 prorsus
985 1860 1123 1925 dicentd'm
1145 1886 1228 1942 coga-

189 1990 308 2047 musque
331 1973 456 2031 confiteri
476 1990 536 2030 non
558 1990 621 2030 esse
642 1975 677 2030 ab
702 1991 740 2031 :eo
768 1974 876 2030 doloris
902 1973 1027 2031 remedia
1055 1976 1228 2049 quaerenda,

185 2080 238 2153 qui
270 2054 402 2136 dolorem
429 2082 567 2136 malorum
605 2078 729 2136 omnium
766 2079 917 2137 maximum
950 2080 1067 2154 dixerit,
1101 2082 1230 2154 quamuis

188 2185 264 2243 idem
284 2186 441 2244 forticulum
461 2203 494 2242 se
513 2185 542 2242 in
564 2186 729 2243 torminibus
751 2192 780 2242 et
800 2185 828 2241 in
840 2186 994 2258 stranguria
1014 2203 1065 2242 sua
1087 2189 1230 2259 praebeat.

189 2293 310 2350 Aliunde
331 2294 417 2365 igitur
439 2300 481 2350 est
502 2294 659 2366 quaerenda
681 2290 817 2348 medicina
838 2297 867 2377 et
887 2295 1008 2354 maxime
1029 2294 1164 2368 quidem,
1187 2295 1229 2368 si,

117 2408 122 2415 '
190 2399 258 2473 quid
276 2400 397 2456 maxime
415 2405 630 2456 cousentaneum
648 2397 691 2472 sit,
715 2397 885 2471 quaerimus,
903 2398 937 2454 ab
959 2399 1004 2471 iis,
1016 2399 1130 2474 quibus,
1154 2402 1229 2474 quod

189 2505 336 2563 honestum
358 2506 407 2581 sit,
436 2523 575 2563 summum
597 2507 711 2578 bonurn,
735 2504 811 2576 quod
833 2509 929 2579 turpe,
958 2494 1229 2563 summum'uidetur

189 2613 301 2671 malum.
339 2614 392 2670 His
414 2620 444 2670 tu
467 2612 659 2686 praesentibus
680 2627 791 2682 gemere
813 2617 840 2666 et
861 2617 888 2667 te
911 2611 1011 2667 iactare
1033 2629 1090 2669 non
1112 2613 1230 2671 audebis

188 2720 322 2791 prolecto.
365 2722 507 2794 Loquetur
529 2720 603 2776 enim
619 2736 723 2775 eorum
743 2734 814 2775 noue
836 2718 930 2774 Uirtus
952 2719 1013 2791 ipsa
1034 2725 1143 2776 tecum:

272 2826 337 2881 XX.
371 2824 422 2884 46.
453 2828 532 2883 Tune
554 2842 640 2899 quum
662 2841 764 2897 pueros
785 2824 1012 2912 Lacedaemone,
1036 2827 1228 2884 adolescentes

93 2934 97 2939 '
190 2930 353 3004 Olympiae,
381 2932 514 2988 barbaros
544 2931 573 2987 in
602 2945 687 2987 arena
717 2930 822 2987 uideris
852 2931 1021 3004 excipientes
1048 2932 1229 3004 grauissimas

187 3037 283 3109 plagas
305 3043 332 3093 et
353 3035 472 3093 ferentes
495 3036 615 3110 silentio,
638 3034 662 3091 si
684 3041 711 3092 te
733 3036 804 3093 torte
827 3038 910 3094 dolor
931 3038 1032 3110 aliquis
1054 3041 1229 3113 peruenerit,

188 3141 361 3199 exclamabis
377 3149 406 3199 ut
426 3144 537 3217 mulier,
559 3160 616 3199 non
638 3147 795 3200 constanter
815 3149 843 3200 et
865 3145 958 3202 sedate
980 3143 1079 3202 seres?
1097 3175 1139 3186 —
1156 3145 1230 3204 Fieri

186 3266 243 3305 non
265 3255 364 3322 potest,
387 3256 483 3308 natura
504 3238 560 3307 nori
581 3248 751 3321 patibrr.·--
775 3249 876 3307 Audio.
919 3251 1002 3308 Pueri
1025 3252 1118 3307 serunt
1139 3251 1230 3323 gloria

25 3400 28 3408 .
92 3367 94 3372 ’
188 3357 277 3431 ducti,
307 3357 399 3413 lerunt
419 3357 527 3428 pudore
551 3355 614 3429 alii,
642 3355 722 3412 multi
743 3362 835 3431 metu,
866 3362 1004 3414 ettamen
1026 3374 1175 3432 ueremur,
1199 3364 1230 3415 ut

187 3464 255 3537 boc,
284 3465 360 3536 quod
382 3482 398 3521 a
419 3470 475 3521 tam
501 3462 595 3520 multis
617 3468 644 3519 et
664 3462 741 3536 quod
763 3467 803 3519 tot
832 3463 902 3520 locis
929 3463 1101 3538 perferatur,
1131 3471 1228 3521 natura

188 3567 330 3640 patiatur?
362 3572 415 3629 llla
436 3588 505 3628 uero
527 3587 584 3626 nun
606 3570 689 3626 modo
711 3567 827 3641 patitur,
856 3586 955 3626 uerum
983 3571 1065 3626 etiam
1092 3571 1227 3642 postulat.

187 3675 263 3731 Nihil
286 3675 360 3732 enim
381 3678 465 3734 babet
485 3675 678 3751 praestantius,
701 3675 782 3750 nibil,
801 3676 877 3747 quod
898 3676 987 3748 magis
1009 3680 1121 3748 expetat
1141 3692 1228 3748 quam

251 3873 295 3924 45.
313 3889 370 3925 esse
388 3876 464 3942 dico]
491 3879 547 3928 dico
573 3891 631 3928 esse
657 3878 688 3927 0.
731 3875 840 3942 cautus)
862 3883 934 3928 catus
956 3877 1024 3927 Noa.
1049 3892 1077 3940 p.
1106 3875 1160 3940 925
1188 3877 1220 3927 0.

186 3959 285 4022 breue)
303 3960 406 4009 breuem
426 3962 458 4012 R.
501 3962 542 4015 46.
562 3960 717 4027 Olympiae)
741 3963 884 4024 olympum
907 3960 939 4010 R.
974 3962 1065 4024 arena)
1083 3962 1175 4011 11111111
1194 3962 1226 4011 fl.

185 4044 220 4092 ris
246 4042 414 4107 excipientis)
440 4046 483 4095 Sic
504 4047 597 4109 tocs'ptt
614 4047 641 4100 Ρ.
685 4052 714 4096 ut
730 4042 845 4110 mulier)
868 4056 919 4096 om,
937 4044 966 4093 P.
1011 4046 1096 4110 Fieri)
1115 4047 1218 4096 111110

188 4134 224 4180 tot
242 4126 316 4192 lueis)
336 4134 398 4190 quot
414 4130 432 4181 l.
449 4129 478 4177 P.
513 4134 601 4180 natura
619 4127 743 4195 patiatur)
758 4143 810 4183 non
826 4128 970 4193 interprete.
988 4130 1035 4180 tot.
1053 4130 1092 4180 lta
1115 4129 1145 4179 P.
