2610 4634
439 290 517 335 arn.
541 277 591 335 lll.
636 291 719 335 car.
744 277 877 339 16-17.
969 304 973 309 ¹
1133 281 1174 344 93
1261 342 1264 347 ,

112 485 211 559 'quod
235 500 290 540 non
314 482 439 539 accidere
460 480 560 554 possit,
583 498 666 554 quam
683 481 822 538 meditatio
840 482 1010 540 condicionis
1027 485 1173 561 humanae,

133 608 220 665 qnam
241 589 316 646 uitae
338 592 384 646 lex
406 594 655 662 commentatioque
678 589 811 662 parendi,
839 607 910 663 quac
934 608 989 646 non
1011 592 1063 649 lroc
1085 593 1173 662 affert,

131 703 165 755 ut
185 713 298 769 semper
319 712 501 769 mereamus,
524 695 574 752 sed
596 701 626 751 ut
647 713 796 769 nunquam.
840 699 938 769 Neque
961 697 1035 755 enim
1057 698 1106 772 qui
1127 717 1173 771 re·
1262 766 1267 780 x

132 821 198 861 rum
218 811 360 876 naturam,
384 802 433 875 qui
454 800 528 857 uitae
549 801 724 876 uarietatem,
753 802 802 876 qui
824 802 1040 861 imbecillitatem
1063 806 1173 877 generis

132 909 248 969 humani
271 910 384 982 cogitat,
407 915 519 982 maeret,
538 926 624 982 quum
645 908 714 965 haec
731 908 840 982 cogitat,
860 911 909 966 sed
927 916 986 966 tum
996 913 1042 967 uel
1054 912 1173 969 maxime
1223 926 1229 935 ·

133 1018 286 1090 sapientiae
308 1016 433 1088 fungitur
454 1031 578 1072 munere.
623 1017 777 1088 Utrumque
800 1016 874 1073 enim
893 1018 1081 1092 consequitur,
1099 1024 1174 1075 utet
1232 1053 1235 1057 ›

133 1122 347 1181 considerandis
370 1121 454 1179 rebus
477 1122 604 1178 humanis
633 1122 747 1195 proprio
776 1122 970 1195 philosophiae
997 1125 1103 1181 fruatur
1129 1126 1173 1182 of-

130 1230 198 1288 licio
220 1236 249 1287 et
270 1230 396 1286 aduersis
419 1228 529 1285 casibus
551 1228 655 1301 triplici
679 1229 868 1286 consolatione
891 1236 1017 1305 sanetur3
1050 1232 1172 1304 primum

113 1338 317 1413 'quodposse
339 1336 464 1393 accidere
485 1335 533 1391 diu
556 1335 703 1409 cogitauit,
733 1353 804 1409 quae
827 1336 956 1407 cogitatio
978 1355 1033 1395 una
1054 1336 1173 1394 maxime

130 1443 277 1501 molestias
306 1459 404 1501 omnes
431 1447 560 1500 extenuat
588 1448 615 1499 et
643 1441 740 1516 diluit3
764 1442 864 1499 deinde
892 1444 967 1515 quod
990 1444 1108 1501 humana
1129 1445 1173 1502 fe·

131 1551 221 1607 renda
242 1549 387 1624 intelligit,
417 1555 559 1623 postremo
583 1547 660 1621 quod
680 1547 758 1604 uidet
778 1550 882 1605 malum
904 1550 1023 1605 nullum
1035 1567 1097 1606 esse
1119 1551 1173 1607 nisr

130 1659 256 1731 culpam,
278 1658 389 1729 culpam
411 1661 504 1712 autern
526 1656 630 1712 nullam
652 1671 724 1729 esse,
748 1670 835 1728 quum
857 1652 896 1727 id,
920 1655 995 1727 qnod
1013 1655 1048 1712 ab
1059 1655 1173 1713 homine
1227 1722 1233 1727 g

132 1782 190 1822 non
211 1763 334 1838 potuerit
354 1763 498 1837 praestari,
522 1761 655 1819 euenerlt
688 1758 739 1820 35.
751 1763 823 1817 Nam
844 1762 983 1818 reuocatio
1007 1761 1065 1836 illa,
1088 1779 1172 1837 qnam

132 1872 229 1945 affert,
253 1886 341 1944 quum
362 1886 379 1926 a
400 1870 562 1925 contuendis
584 1885 636 1925 nos
658 1868 738 1924 malis
759 1875 874 1942 auocat,
904 1869 981 1924 nulla
1003 1875 1054 1926 est
1108 1870 1173 1926 Non

132 1983 178 2036 est
198 1976 275 2034 enim
296 1977 325 2033 in
346 1981 438 2033 nostra
460 1981 594 2048 potestate
616 1975 800 2032 fodicantibus
823 1975 857 2032 iis
880 1976 974 2048 rebus,
998 1992 1066 2049 quas
1085 1979 1172 2034 malas

132 2101 196 2143 esse
218 2084 377 2157 opinemur,
400 2081 582 2139 dissimulatio
603 2084 651 2138 uel
673 2081 789 2138 obliuio.
822 2084 966 2155 Lacerant,
988 2089 1098 2157 nexant,
1122 2084 1171 2141 sti·
1275 2080 1279 2101 ¹

131 2192 225 2249 mulos
247 2189 413 2264 admouent,
435 2188 514 2261 ignes
536 2188 685 2263 adhibent,
716 2189 854 2260 respirare
876 2206 932 2245 non
955 2187 1064 2264 sinunt,
1094 2196 1121 2246 et
1142 2195 1172 2247 tu

132 2296 265 2354 obliuisci
286 2295 382 2368 iubes,
407 2296 483 2368 quod
507 2300 601 2351 contra
623 2300 747 2352 naturam
769 2300 826 2367 est,
858 2294 918 2368 qui,
941 2295 1017 2368 qnod
1038 2313 1054 2352 a
1075 2302 1173 2352 natura

132 2404 228 2461 dabam
256 2408 313 2476 est,
341 2401 475 2459 auxilium
503 2406 669 2475 extorqueas
691 2400 837 2458 inueterati
861 2399 991 2459 doloris?
1019 2404 1071 2460 Est
1096 2402 1172 2459 enim

132 2512 210 2569 larda
231 2509 281 2567 illa
302 2508 416 2582 quidem
437 2508 583 2581 medicina,
607 2510 656 2566 sed
678 2514 768 2565 tamen
789 2524 899 2580 magna,
916 2525 1000 2581 quam
1019 2509 1171 2567 adertlon·

133 2616 273 2691 ginquitas
295 2621 323 2673 et
343 2614 413 2672 dies.
451 2616 534 2672 lubes
557 2633 602 2673 me
623 2617 697 2672 bona
718 2615 850 2688 cogitare,
872 2614 1003 2686 obliuisci
1024 2617 1170 2672 malorum.

129 2724 249 2805 pirates
271 2720 377 2796 aliquid
404 2726 431 2777 et
457 2738 557 2793 magno
586 2724 699 2796 quidem
726 2721 894 2794 philosopho
922 2720 1055 2796 dignum,
1088 2720 1111 2777 si
1138 2739 1172 2779 ea

131 2817 291 2887 hona'esse
313 2828 440 2901 sentires,
461 2844 532 2900 quae
555 2834 648 2885 essent
668 2828 780 2885 homine
802 2825 974 2898 dignissima.

218 2935 310 2993 XVII.
343 2932 393 2993 36.
426 2935 597 3007 Pythagoras
626 2933 694 2991 mibi
724 2934 748 2991 si
776 2934 879 2990 diceret
906 2939 952 2991 aut
974 2935 1102 2991 Socrates
1124 2939 1172 2991 aut
1259 2948 1269 2960 “

131 3043 230 3100 Plato:
251 3041 326 3110 Quid
347 3040 421 3098 iaces
443 3046 490 3098 aut
510 3042 578 3114 quid
599 3058 705 3098 maeres
728 3047 774 3097 aut
795 3058 845 3097 cur
862 3042 1019 3098 succumbis
1037 3042 1171 3116 cedisque

93 3164 98 3171 ’
130 3150 276 3222 fortunae,
303 3164 375 3220 qnae
396 3149 552 3219 percellere
574 3154 601 3204 te
623 3148 738 3204 forsitan
759 3149 880 3220 potuerit
901 3154 928 3205 et
949 3165 1090 3223 pungere,
1112 3167 1172 3207 non

131 3255 224 3328 potuit
244 3260 318 3311 certe
338 3253 412 3311 uires
434 3254 572 3326 frangere.
616 3255 717 3325 Magna
739 3252 783 3311 uis
805 3261 848 3311 est
875 3253 903 3311 in
925 3254 1091 3328 uirtutibus3
1122 3271 1169 3312 eas

132 3360 239 3435 excita,
270 3359 294 3418 si
316 3361 388 3418 forte
409 3361 557 3418 dormiunt
612 3361 671 3417 lam
693 3360 742 3418 tibi
764 3361 853 3418 aderit
873 3361 1002 3434 princeps
1025 3360 1168 3435 fortitudo,

130 3484 205 3541 quae
226 3472 253 3524 te
274 3467 366 3524 animo
388 3471 463 3523 tanto
484 3484 547 3524 esse
568 3473 658 3542 coget,
680 3473 711 3524 ut
733 3466 834 3542 omnia,
847 3484 918 3541 quae
934 3466 1042 3539 possint
1063 3465 1169 3523 homini

200 3714 252 3753 non
270 3701 400 3767 accidere)
417 3715 469 3756 acc.
487 3716 538 3753 uon
557 3705 587 3760 0.
622 3702 796 3767 maereamus)
813 3714 959 3752 mereamus
970 3701 1002 3754 n.
1030 3698 1104 3767 baec)
1119 3702 1169 3754 bot

129 3787 162 3839 Ρ.
195 3785 312 3851 sanetur)
328 3791 449 3836 sanentur
465 3787 518 3837 nr.
553 3787 687 3852 cogitauit)
705 3788 853 3855 cogitauerit
862 3787 939 3836 RPO.
974 3774 1105 3852 nunnoni
1118 3788 1169 3838 bu-

130 3882 224 3922 manae
240 3870 288 3927 ll.⁹
309 3871 355 3920 red
371 3884 437 3924 corr.
458 3872 488 3920 tn
509 3872 620 3923 humane
626 3890 634 3937 3
652 3875 762 3923 humane
779 3874 808 3927 P.
844 3872 886 3924 35.
904 3872 931 3920 in
948 3875 1033 3920 nostra
1052 3870 1118 3935 pot.)
1140 3873 1168 3922 in

108 3960 184 4019 rpot
211 3954 279 4005 Non.
303 3968 331 4017 p.
351 3953 397 4004 86.
416 3955 512 4019 malas)
538 3958 613 4006 malls
634 3957 663 4006 P.
699 3953 769 4020 esse)
787 3969 837 4005 om.
854 3955 921 4006 Non.
941 3955 957 4006 l.
976 3955 990 4003 l.
1019 3955 1169 4020 opinemur)

131 4040 268 4102 opinamur
275 4039 342 4092 ltlon.
350 4040 406 4102 qul,
424 4041 492 4102 quod
511 4053 524 4090 a
542 4055 567 4090 n.
584 4041 672 4091 datum
687 4039 740 4103 est)
754 4041 798 4101 qni
815 4052 830 4090 a
847 4053 871 4090 n.
890 4040 978 4095 datum
997 4040 1095 4090 estRP.
1122 4040 1168 4102 qul

128 4134 149 4175 a
165 4136 192 4175 n.
208 4124 297 4175 datum
314 4121 347 4175 0.
376 4124 423 4207 *sn
440 4123 608 4190 Pythagoras)
624 4126 711 4188 Prtag.
728 4124 781 4176 RP.
