2610 4634
435 324 510 370 nie.
534 314 582 369 lv.
627 324 709 370 car.
731 312 865 375 :tr—38.
1110 318 1170 378 tar

133 513 248 586 Clitum,
271 513 435 571 familiarem
457 531 555 588 suum,
577 516 626 572 uix
647 532 663 571 a
685 533 715 572 se
737 533 834 573 manus
856 516 1004 590 abstinuit3
1033 525 1105 577 tanta
1126 522 1170 580 uis

132 622 186 678 fuit
207 620 376 692 poenitendi.
419 622 528 689 Quibus
551 625 669 694 cognitis
698 625 760 696 quis
789 631 847 695 est,
876 623 923 696 qui
952 624 1073 698 dubitet,
1103 629 1169 701 quin

132 727 180 784 bic
199 744 314 800 quoque
336 734 427 784 motus
456 728 540 785 animi
569 729 605 786 sit
633 737 706 787 totus
736 731 884 801 opinabilis
912 749 945 787 ac
973 733 1170 793 uoluntarius?

132 833 203 903 Quis
225 832 300 890 enim
322 834 467 907 dubitarit,
491 836 559 908 quin
579 837 781 907 aegrotationes
804 838 905 907 animi,
929 839 1018 910 qualis
1041 849 1083 897 est
1104 860 1169 899 aua·

132 942 211 1014 ritia,
235 941 342 1012 gloriae
363 942 514 1014 cupiditas,
537 960 571 998 ex
593 960 644 1015 eo,
667 943 743 1016 quod
765 945 858 1015 magni
880 946 1038 1002 aestimetur
1060 965 1092 1003 ea
1114 967 1169 1023 res,

131 1066 167 1104 ex
190 1024 246 1121 qna
267 1048 375 1106 animus
397 1055 530 1122 aegrotat,
554 1047 697 1107 oriantur?
721 1051 799 1107 Unde
821 1052 938 1123 intelligi
957 1053 1040 1109 debet
1060 1063 1170 1127 pertur-

131 1155 274 1212 bationem
296 1173 408 1229 quoque
431 1173 541 1212 omnem
564 1173 625 1212 esse
647 1155 675 1212 in
698 1157 840 1229 opinione.
877 1157 927 1217 80.
944 1160 981 1216 Et
1002 1160 1025 1216 si
1048 1162 1169 1236 fidentia,

132 1261 162 1317 id
192 1268 235 1319 est
261 1263 339 1318 lirina
366 1262 449 1318 animi
479 1263 612 1332 confisio,
646 1263 758 1319 scientia
788 1267 923 1337 quaedam
951 1272 994 1322 est
1021 1275 1048 1323 et
1076 1269 1170 1341 opinio

131 1368 228 1438 grauis
255 1385 311 1424 uon
341 1377 443 1426 temere
465 1369 654 1442 assentientis,
688 1376 777 1427 metus
807 1389 920 1444 quoque
949 1381 991 1428 cst
1017 1374 1170 1433 dissidentia

132 1475 268 1547 expectati
293 1482 320 1533 ct
340 1475 525 1549 impendentis
554 1477 635 1547 mali;
670 1483 697 1532 et
725 1477 747 1532 si
770 1494 834 1548 spes
856 1485 898 1534 est
919 1480 1070 1551 expectatio
1092 1483 1169 1555 boni,

131 1582 199 1638 mali
221 1583 442 1655 expectationem
464 1600 526 1639 esse
548 1599 662 1640 necesse
684 1592 726 1639 est
748 1589 861 1641 metum.
908 1586 942 1641 Ut
963 1585 1047 1657 igitur
1068 1594 1169 1657 metus,

131 1688 173 1745 sic
194 1689 318 1762 reliquae
339 1689 560 1763 perturbationes
589 1689 702 1746 suntin
724 1691 807 1749 malo.
861 1693 939 1764 Ergo
962 1700 991 1750 ut
1020 1697 1169 1751 constantia

131 1794 281 1868 scientiae,
314 1797 355 1854 sic
382 1796 553 1870 perturbatio
582 1800 686 1854 erroris
715 1805 766 1855 est.
820 1799 876 1867 Qui
898 1806 988 1856 autern
1010 1807 1105 1858 natura
1127 1802 1170 1857 di-

131 1908 233 1959 cuntur
253 1904 378 1960 iracundi
401 1911 448 1961 aut
468 1902 662 1961 misericordes
691 1912 738 1962 aut
759 1905 847 1962 inuidi
874 1913 921 1963 aut
949 1909 1003 1964 tale
1030 1909 1114 1981 quid,
1144 1909 1169 1966 ci

132 2016 198 2066 suut
218 2010 358 2068 constituti
383 2011 461 2084 quasi
491 2012 564 2068 mala
586 2012 744 2070 ualetudine
772 2015 871 2086 animi,
901 2015 1039 2072 sanabiles
1068 2025 1169 2090 tamen,

131 2122 163 2175 ut
184 2118 315 2176 Socrates
338 2117 446 2174 dicitur.
491 2120 583 2187 Quum
605 2121 689 2176 multa
712 2120 739 2176 in
761 2128 898 2176 conuentu
921 2121 988 2177 uitia
1011 2123 1171 2192 collegisset

131 2225 161 2282 iu
184 2241 249 2282 eum
259 2227 396 2299 Zopyrus,
419 2225 467 2299 qui
489 2243 519 2281 sc
541 2232 665 2281 naturam
687 2225 821 2298 cuiusque
844 2244 877 2282 ex
900 2227 990 2291 torma
1011 2228 1169 2300 perspicere

132 2332 324 2405 profitebatur,
347 2332 455 2389 derisus
478 2336 519 2388 est
540 2348 556 2387 a
578 2332 686 2406 ceteris,
710 2332 758 2405 qui
779 2333 826 2389 illa
849 2319 1004 2390 iu'Socrate
1026 2334 1092 2391 uitia
1114 2353 1169 2391 non

131 2446 325 2515 agnoscerent,
348 2440 384 2495 ab
406 2439 468 2510 ipso
490 2444 582 2495 autem
605 2439 718 2496 Socrate
740 2440 911 2513 subleuatus,
940 2458 1026 2513 quum
1047 2443 1094 2497 illa
1117 2442 1170 2498 sibi

131 2544 235 2620 insita,
257 2547 307 2603 sed
329 2546 435 2603 ratione
456 2563 472 2601 a
495 2562 525 2601 sc
548 2545 653 2602 deiecta
674 2547 786 2603 diceret.
840 2545 892 2605 81.
917 2548 994 2618 Ergo
1017 2553 1048 2602 ut
1068 2548 1170 2618 optima

130 2653 197 2725 quis
220 2654 380 2711 ualetudine
402 2651 514 2709 affectus
536 2658 628 2725 potest
658 2652 747 2710 uideri
777 2659 871 2711 natura
895 2656 929 2710 ad
951 2653 1073 2725 aliquem
1094 2670 1170 2710 mor-

131 2760 200 2816 bum
221 2759 385 2831 procliuior,
408 2758 448 2816 sic
469 2759 577 2824 animus
599 2758 670 2815 alius
692 2761 727 2815 ad
749 2761 802 2818 alia
825 2761 889 2818 uitia
912 2760 1088 2833 propensior.
1116 2761 1172 2830 Qui

131 2873 225 2923 autem
257 2885 313 2923 uon
343 2874 454 2941 natura,
488 2866 538 2923 sed
570 2867 652 2937 culpa
684 2866 777 2923 uitiosi
806 2885 867 2924 esse
900 2867 1045 2940 dicuutur,
1074 2884 1169 2926 eorum

130 2974 199 3031 uitia
221 2980 346 3032 coustant
368 2991 383 3030 e
405 2972 483 3030 salsis
506 2973 683 3045 opinionibus
705 2991 799 3030 rerum
820 2975 957 3031 bonarum
979 2982 1006 3033 et
1023 2979 1169 3050 malarum,

131 3088 162 3137 ut
184 3081 220 3137 sit
240 3081 311 3138 alius
334 3082 369 3137 ad
391 3082 460 3137 alios
488 3085 579 3137 motus
608 3082 886 3154 perturbationesque
913 3083 1073 3155 procliuior.
1123 3084 1170 3140 lu-

130 3186 265 3244 ueteratio
287 3195 388 3263 autem,
411 3188 490 3245 utin
513 3189 689 3261 corporibus,
711 3187 821 3258 aegrius
844 3180 993 3261 dc'pellitur
1011 3208 1094 3263 quam
1106 3208 1170 3262 per-

130 3295 269 3370 turbatio,
297 3294 433 3368 citiusque
461 3295 622 3367 repcutinus
651 3296 796 3350 oculorum
817 3300 910 3352 tumor
931 3303 1056 3369 sanatur,
1087 3313 1170 3368 quam

130 3400 261 3459 diuturna
283 3401 419 3475 lippitudo
442 3401 600 3474 depellitur.

196 3510 381 3577 ,xxxvlll
393 3507 444 3568 82.
464 3506 521 3566 Sed
538 3506 648 3579 cognita
662 3506 718 3564 iam
731 3523 813 3564 causa
835 3508 1081 3583 perturbationum,
1098 3527 1170 3582 quae

130 3633 229 3673 omnes
252 3616 379 3674 oriuntur
400 3633 435 3672 ex
457 3615 566 3672 iudiciis
589 3613 752 3687 opinionum
775 3620 802 3670 et
823 3615 1028 3686 uoluntatibus,
1058 3614 1170 3672 sitiam

199 3906 326 3971 oriantur)
343 3909 438 3957 oriatur
455 3909 485 3958 ll.
521 3908 563 3957 80.
582 3908 738 3970 diffidentia)
756 3908 890 3959 defidentia
909 3907 963 3958 ΒΡ.
999 3909 1022 3956 ci
1041 3907 1115 3975 sunt)
1133 3911 1173 3960 cis

130 3997 192 4041 sunt
210 3991 242 4041 0.
277 3990 423 4055 sanabiles)
447 3993 561 4042 sanabile
585 3999 598 4042 e
622 3994 673 4041 ΒΡ.
710 3990 847 4055 Socrates)
875 3992 986 4041 Socratis
1009 3992 1039 4041 0.
1081 3994 1171 4055 insita)

129 4077 204 4138 signa
223 4077 275 4129 ΒΡ.
311 4077 353 4126 81.
376 4075 579 4142 quis)quisque
599 4076 674 4128 nro.
710 4079 815 4127 natural
834 4081 929 4126 utnat.
949 4077 1001 4126 llll.
1038 4085 1063 4127 at
1082 4085 1169 4129 natura

131 4159 164 4209 0.
199 4160 380 4225 etmalorum)
398 4173 481 4213 acm.
500 4160 531 4210 0.

918 4262 966 4314 lo·
1010 4266 1014 4274 '
