2610 4634
193 286 237 348 42
398 301 627 347 ruscucan.
663 302 1012 349 nrsrurnrronuu

192 491 274 549 etiam
296 492 332 550 de
352 490 511 549 humatione
534 498 561 549 et
577 493 718 563 sepultura
734 491 881 549 dicendum
898 492 1070 566 existimem3
1093 510 1154 551 rem
1171 512 1228 552 nou

192 598 335 655 difficilem
355 599 390 656 iis
412 598 574 670 praesertim
595 599 723 672 cognitis,
747 616 818 672 quae
835 601 870 656 de
887 599 957 655 nibil
975 600 1121 658 sentiendo
1133 604 1227 674 paullo

191 707 345 764 antedicta
367 712 440 764 suut.
482 708 601 779 Deque
632 707 759 763 Socrates
790 707 904 779 quidem
925 705 995 780 quid
1015 709 1149 779 senserit,
1179 727 1227 783 ap·

189 816 269 883 paret
288 811 318 868 in
339 828 372 867 eo
394 812 477 886 libro,
500 813 528 868 iu
551 831 607 886 quo
630 813 756 886 moritur,
779 814 814 870 de
835 831 891 887 quo
913 813 968 870 iam
988 821 1044 871 tam
1055 817 1143 872 multa
1156 816 1228 873 diri-

189 935 261 976 mus.
296 916 365 976 103.
388 921 482 988 Quum
503 921 578 976 euim
599 920 635 976 de
655 921 860 978 immortalitate
881 925 1037 979 animorum
1058 923 1227 994 disputauis·

190 1033 241 1099 set,
264 1032 290 1082 et
311 1027 366 1083 iam
388 1028 524 1086 moriendi
546 1034 655 1101 tempus
672 1036 795 1099 urgeret,
813 1036 926 1100 rogatus
948 1047 963 1087 a
986 1031 1110 1103 Critone,
1129 1047 1227 1103 quem

160 1205 164 1212 .
189 1134 339 1190 admodum
361 1135 472 1208 sepeliri
493 1137 593 1192 uellet:
614 1137 752 1209 „Multam
773 1153 852 1209 uero,
866 1136 964 1211 iuquit,
987 1155 1113 1210 operam,
1136 1139 1227 1212 amici,

189 1239 290 1296 frustra
313 1238 483 1312 consumpsi.
528 1240 634 1298 Critoni
655 1243 730 1298 enim
752 1249 846 1298 nostro
868 1260 925 1298 uon
947 1245 1073 1316 persuasi
1095 1245 1228 1315 mebinc

188 1349 360 1405 auolaturum
372 1366 462 1421 neque
474 1347 528 1404 mei
540 1348 687 1421 quicquam
698 1349 866 1406 relicturum.
900 1352 1003 1408 Uerum
1021 1357 1124 1424 tamen,
1139 1352 1225 1425 Crito,

189 1455 213 1513 si
235 1474 280 1513 me
301 1457 412 1530 assequi
434 1456 558 1529 potueris
582 1463 628 1512 aut
649 1456 738 1513 sicubi
760 1463 874 1513 nanetus
897 1458 963 1530 eris,
986 1466 1016 1515 ut
1037 1458 1088 1515 tibi
1106 1460 1226 1531 uidetur,

188 1564 314 1636 sepelite.
359 1565 424 1636 Sed,
447 1563 515 1619 mihi
537 1564 629 1635 crede,
652 1580 734 1618 nemo
756 1579 801 1618 me
822 1571 956 1638 uestrum,
980 1553 1067 1638 quum
1089 1565 1155 1621 bine
1177 1583 1226 1622 ex-

188 1687 309 1744 cessero,
332 1667 544 1743 consequetur.’'
568 1672 711 1728 Praeclare
733 1654 761 1726 id
783 1671 906 1744 quidem,
929 1671 977 1745 qui
999 1679 1027 1728 et
1047 1672 1137 1728 amieo
1160 1686 1227 1744 per·

187 1777 294 1834 miserit
314 1762 349 1833 ¹et
374 1793 405 1833 se
431 1776 582 1833 ostenderit
614 1776 649 1832 de
681 1776 735 1833 boc
763 1783 820 1834 toto
848 1794 950 1849 genere
982 1778 1051 1835 nibil
1085 1779 1224 1836 laborare.

190 1883 260 1943 104.
283 1884 386 1940 Durior
414 1885 571 1957 Diogenes,
603 1891 630 1940 et
656 1884 680 1940 is
708 1883 821 1956 quidem
849 1885 923 1941 idem
951 1886 1088 1958 sentiens,
1120 1887 1171 1943 sed
1197 1892 1227 1943 ut

189 1991 308 2064 Cynicus
335 1991 478 2063 asperius,
508 1991 596 2063 proici
625 2009 655 2047 se
682 1991 763 2048 iussit
794 1992 976 2048 inhumatum.
1027 1993 1101 2049 Tum
1128 1993 1226 2050 amici:

188 2099 393 2156 Uolucribusne
428 2104 456 2155 et
490 2096 587 2155 ieris?
627 2099 742 2157 Minime
770 2116 855 2171 uero,
878 2100 983 2172 inquit3
1016 2101 1067 2156 sed
1093 2100 1227 2157 bacillum

188 2212 303 2280 propter
323 2224 384 2280 me,
406 2223 462 2279 quo
484 2205 611 2278 abigam,
633 2206 767 2279 ponitote.
810 2207 865 2274 Qui
886 2207 915 2262 id
938 2205 1064 2279 poteris?
1086 2206 1147 2281 illi;
1170 2225 1226 2265 nou

189 2314 264 2371 euim
287 2315 396 2370 senties.
440 2313 515 2382 Quid
536 2313 620 2385 igitur
648 2312 716 2369 mibi
744 2313 865 2369 ferarum
893 2313 1010 2370 laniatus
1037 2316 1130 2372 oberit
1156 2315 1226 2371 nihil

190 2419 339 2479 sentienti?
361 2423 505 2479 Praeclare
526 2421 713 2493 Anaxagoras,
736 2420 796 2493 qui,
825 2438 911 2493 quum
934 2422 1078 2495 Lampsaci
1100 2439 1227 2479 morere·

189 2535 249 2604 tur,
277 2530 473 2603 quaerentibus
500 2528 611 2602 amieis,
635 2529 754 2584 uelletne
777 2527 958 2585 Clazomenas
985 2528 1013 2585 in
1040 2529 1174 2603 patriam,
1203 2529 1227 2586 si

190 2638 258 2712 quid
279 2638 432 2711 accidisset,
455 2637 568 2708 auferri,
580 2636 656 2693 Nihil
678 2651 792 2691 necesse
814 2641 866 2708 est,
887 2634 992 2707 inquit3
1014 2636 1227 2709 undiqueeuim

190 2746 225 2802 ad
247 2745 350 2802 inferos
373 2746 532 2802 tantundem
554 2743 616 2800 uiae
638 2747 689 2799 est.
724 2743 849 2815 Totaque
871 2741 906 2797 de
928 2741 1034 2797 ratione
1056 2741 1226 2800 humationis

189 2869 275 2909 unum
297 2854 447 2908 tenendum
468 2859 526 2924 est,
554 2851 588 2908 ad
610 2866 711 2923 eorpus
732 2849 810 2904 illam
830 2849 986 2921 pertinere,
1009 2850 1069 2905 siue
1092 2849 1228 2907 occiderit

189 2959 296 3016 animus
319 2960 379 3014 siue
400 2960 500 3030 uigeat.
539 2960 571 3014 ln
594 2972 710 3027 corpore
731 2963 823 3011 autem
844 2955 1022 3028 perspicuum
1044 2962 1086 3013 est
1107 2959 1153 3014 uel
1176 2975 1226 3014 ex·

188 3066 273 3122 tincto
296 3067 387 3121 animo
410 3065 455 3121 uel
478 3065 572 3137 elapso
594 3065 702 3121 nullum
723 3062 846 3118 residere
868 3079 990 3119 sensum.
1015 3084 1018 3091 ·

272 3174 374 3229 xliv.
397 3171 467 3232 105..
491 3172 547 3229 Sed
568 3172 650 3244 plena
671 3186 797 3226 errorum
819 3177 882 3226 sunt
903 3171 1004 3226 omnia.
1048 3170 1146 3227 Trahit
1162 3172 1227 3228 He-

188 3287 293 3338 etorem
315 3281 349 3338 ad
371 3297 482 3336 currum
504 3279 650 3350 religatum
671 3277 812 3349 Achilles3
834 3277 948 3333 lacerari
970 3294 1034 3333 eum
1056 3287 1083 3334 et
1110 3277 1226 3352 sentire,

189 3391 283 3461 credo,
306 3395 390 3462 putat.
433 3388 509 3458 Ergo
531 3386 576 3442 bic
596 3385 747 3458 ulciscitur,
770 3390 800 3440 ut
820 3384 933 3457 quidem
955 3383 1009 3441 sibi
1032 3384 1150 3442 uidetur.
1190 3387 1228 3442 at

189 3499 237 3555 illa
260 3497 329 3555 sicut
349 3495 554 3553 acerbissimam
576 3510 635 3550 rem
657 3498 777 3549 maeret:

275 3606 350 3677 Uidi,
371 3608 465 3662 uidere
487 3606 561 3677 qood
581 3619 622 3657 me
639 3618 730 3674 possa
751 3601 916 3670 mperrintc,

274 3714 419 3769 Hectorem
440 3729 525 3769 coreo
547 3711 717 3783 quadriiugo
739 3709 890 3778 raptarier.

259 3911 314 3958 103.
333 3911 384 3960 mei
403 3907 555 3973 quiequam)
574 3921 616 3957 me
634 3907 769 3968 quicquam
786 3902 818 3954 ll.
853 3901 992 3963 quidquam
1010 3904 1063 3953 mci
1091 3901 1123 3953 0.
1160 3919 1230 3956 nan-

189 3995 260 4059 ctus)
277 4001 366 4045 nactus
376 3995 407 4045 0.
442 3994 554 4056 uidetur)
574 3993 702 4042 uidebitru
710 3989 742 4041 0.
779 3985 837 4039 lot.
854 3985 960 4040 cuidem
977 3987 1059 4050 idem)
1076 3989 1183 4050 quidem
1195 3991 1229 4041 ll.

190 4095 242 4142 ouo
266 4081 382 4143 abigam)
405 4081 474 4141 quod
497 4076 576 4129 eor
964 4082 992 4119 m
1009 4070 1043 4124 R.
1077 4072 1129 4134 Qui
1150 4088 1176 4138 p.
1194 4075 1228 4126 0.

189 4164 338 4235 uarnpsaci)
355 4164 471 4216 Lamsr²
1013 4159 1109 4210 lamo
1123 4157 1159 4210 m
