2610 4634
201 264 242 325 61
414 250 641 323 rasennam.
676 274 1021 320 nrsrurarrounn

200 468 285 525 Aliud
307 474 349 524 est
369 468 443 524 enim
464 468 601 538 laborare,
624 465 700 523 aliud
721 466 827 521 dolere.
866 464 892 520 0
914 435 1068 521 nerbomm
1088 463 1173 537 inops
1193 464 1237 522 in·

201 576 319 648 tardum,
342 575 445 646 quibus
466 575 606 630 abundare
628 580 654 629 te
676 588 787 643 semper
808 577 898 645 putas,
921 572 1051 629 Graecia!
1075 572 1172 644 Aliud,
1195 572 1235 628 in·

200 699 299 756 quam,
327 687 370 738 est
391 682 504 755 dolere,
532 682 607 738 aliud
636 680 771 736 laborare.
828 679 921 746 Quum
942 678 1051 735 uarices
1073 680 1237 736 secabantur

201 789 231 846 C.
244 788 344 860 Mario,
357 787 485 858 dolebat3
503 804 590 858 quum
611 793 688 844 aestu
704 802 805 857 magno
828 786 946 842 ducebat
958 802 1069 860 agmen,
1082 785 1235 842 laborabat.

199 895 251 951 Est
271 893 342 950 inter
363 894 430 950 baec
452 893 587 965 quaedam
608 901 700 950 tamen
721 892 888 962 similitud03
912 893 1083 949 consuetudo
1102 893 1178 949 enim
1196 895 1235 949 la·

200 1002 300 1058 borum
321 999 531 1073 perpessionem
552 1000 681 1057 dolorum
702 998 787 1054 efficit
807 997 969 1055 faciliorem.
1002 996 1234 1073 adloquenti,

200 1107 248 1181 qni
271 1106 401 1164 Graeciae
423 1107 539 1163 sormam
562 1123 654 1163 rerum
675 1105 849 1177 publicarum
870 1106 1020 1179 dederunt,
1050 1123 1171 1180 corpora
1192 1107 1234 1164 in·

199 1229 301 1270 uenum
328 1213 432 1270 firmari
466 1215 563 1270 labore
592 1215 750 1270 uoluerunt.
806 1213 888 1281 Quod
917 1212 1070 1284 Spartiatae
1098 1213 1181 1272 etiam
1206 1213 1233 1269 in

200 1319 317 1376 seminas
339 1322 544 1395 transtulerunt,
568 1336 639 1393 quae
661 1318 760 1376 ceteris
781 1319 810 1375 in
832 1319 950 1377 urbibus
972 1319 1141 1377 mollissimo
1159 1321 1233 1375 cnltn

198 1425 335 1498 parietum
356 1427 462 1485 umbris
484 1428 657 1485 occuluntur.
689 1426 736 1482 llli
758 1431 850 1482 antem
871 1428 1022 1484 noluerunt
1042 1425 1113 1483 nihil
1135 1427 1234 1483 horum

199 1531 290 1590 simile
312 1551 374 1592 esse

601 1644 677 1713 epod
696 1641 840 1698 Lacaenas
861 1643 994 1713 supinas,

285 1745 392 1814 Quibus
413 1749 503 1820 mepta
521 1747 677 1820 palaestro,
698 1747 821 1819 Eurota,
843 1748 897 1820 sol,
914 1747 1023 1820 potua,
1047 1746 1139 1820 labor,

282 1853 390 1911 Militia
410 1854 441 1908 a'o
462 1855 555 1909 studio
577 1858 618 1908 est
639 1868 723 1925 quum
742 1854 875 1928 fertilitas
898 1856 1030 1913 barbara.

197 1957 275 2029 Ergo
304 1957 347 2014 his
373 1958 522 2015 laboriosis
544 1960 784 2017 exercitationibus
812 1966 840 2017 et
867 1960 947 2018 dolor
975 1960 1134 2019 intercurrit
1163 1978 1230 2018 nou·

198 2080 356 2138 nunqnam,
379 2063 572 2138 impelluntur,
596 2066 747 2138 feriuntur,
770 2066 943 2148 abiciuntur,
972 2068 1088 2142 cadunt,
1116 2075 1145 2126 et
1172 2067 1231 2141 ipse

198 2171 278 2228 labor
299 2170 379 2244 qnasi
400 2173 501 2229 callum
522 2173 662 2245 quoddam
684 2174 797 2231 obducit
817 2175 918 2232 dolori.

281 2279 358 2335 xvl.
390 2275 441 2337 37.
469 2279 596 2337 Militiam
625 2298 694 2338 uero
724 2279 868 2355 (nostram
890 2281 969 2354 dico,
1003 2298 1066 2338 non.
1082 2281 1231 2355 Spartiata-

196 2402 275 2459 rum,
305 2402 424 2458 quornm
452 2386 578 2457 procedit
609 2405 708 2459 agmen
737 2389 771 2445 ad
793 2388 906 2458 tibiam,
934 2404 985 2444 nec
1007 2387 1156 2445 adhibetur
1176 2390 1231 2446 nlla

197 2493 424 2568 sineanapaestis
439 2492 557 2565 pedibus
571 2487 704 2570 hortatio)
715 2525 755 2534 —
769 2496 857 2552 nostri
869 2495 1005 2552 exercitus
1018 2495 1141 2567 primum
1157 2495 1230 2553 unde

196 2619 298 2659 nomen
320 2603 448 2676 hahent,
471 2602 565 2673 uides3
588 2601 687 2659 deinde
704 2600 752 2675 qui
768 2601 858 2674 labor,
870 2608 987 2676 quantus
998 2601 1134 2676 agminis3
1156 2602 1230 2658 terre

196 2711 259 2782 plus
287 2708 421 2766 dimidiati
448 2709 553 2766 mensis
573 2708 691 2781 cibaria,
718 2708 807 2782 terre,
836 2709 860 2765 si
882 2709 950 2782 qnid
972 2710 1006 2766 ad
1027 2725 1110 2766 nsum
1131 2707 1230 2781 uelint,

196 2815 270 2872 terre
292 2817 406 2872 uallum.
449 2816 520 2871 Nam
548 2820 672 2888 sentum,
694 2814 832 2889 gladium,
856 2817 963 2887 galeam
983 2816 1012 2872 in
1035 2832 1120 2872 onere
1142 2815 1230 2873 nostri

195 2921 382 2983 militesnon
412 2922 475 2993 plns
502 2927 647 2978 numerant
672 2938 756 2994 quam
784 2922 932 2997 humeros,
960 2923 1092 2995 lacertos,
1120 2938 1229 2980 manns.

194 3027 280 3083 Arma
301 3028 375 3083 enim
396 3028 520 3084 membra
541 3027 637 3084 militis
658 3044 719 3084 esse
741 3029 843 3086 dicunt.
887 3031 964 3100 Quae
985 3030 1098 3103 qrridem
1119 3028 1158 3086 ita
1180 3045 1229 3101 ge·

112 3118 115 3123 ’
195 3140 294 3189 rnntur
314 3138 387 3206 apta,
408 3139 449 3206 ut,
472 3134 495 3190 si
517 3149 585 3190 usus
607 3133 700 3209 luerit,
718 3135 830 3192 abiectis
843 3136 985 3210 oneribus,
998 3135 1132 3208 expeditis
1144 3136 1229 3192 armis

195 3245 225 3295 ut
245 3239 378 3296 membris
398 3255 522 3311 pugnare
543 3239 659 3315 possint
692 3239 1126 3314 Quidlexercitatiolegionnm
1138 3239 1229 3314 quid?

194 3346 243 3402 ille
264 3362 378 3418 cursus,
401 3349 695 3419 concursus,'clamor
715 3349 809 3422 quanti
831 3349 935 3407 laboris
957 3351 1018 3406 estl
1041 3349 1084 3406 Ex
1105 3348 1160 3404 hoc
1181 3347 1230 3403 ille

194 3451 304 3517 animus
324 3451 352 3508 in
380 3451 494 3526 proeliis
516 3460 625 3524 paratus
647 3455 681 3510 ad
703 3457 828 3512 uulnera.
870 3457 969 3513 halduc
990 3456 1050 3528 pari
1070 3455 1163 3512 animo
1184 3454 1229 3511 in·

195 3558 371 3615 exercitatum
392 3559 519 3634 militem,
541 3561 642 3617 mulier
663 3561 811 3619 uidebitur·
844 3559 1094 3622 saeuientem
1115 3561 1229 3618 interest

194 3661 266 3718 inter
291 3680 396 3721 nouum
422 3672 451 3722 et
481 3673 602 3722 ueterem
629 3668 793 3741 exercitum,
822 3674 953 3741 qnantum
981 3667 1087 3740 experti
1109 3664 1228 3725 sumus?

263 3920 351 3983 elficit)
371 3922 504 3976 efficiatlt.
531 3926 575 3977 86.
595 3927 696 3989 Quibus
713 3928 812 3993 tnagis)
829 3930 911 4004 Queis
928 3930 1046 3992 magi’O.
1082 3931 1108 3980 ln
1127 3930 1226 3990 studio)

193 4003 278 4054 studio
294 4002 325 4052 0.
360 4003 405 4055 3¹7.
421 4006 528 4072 agmen]
547 4011 685 4062 admodum
700 4011 731 4061 R.
766 4025 835 4063 mora
855 4013 885 4063 0.
921 4013 1052 4079 humeros)
1071 4026 1173 4064 umeros
1194 4014 1226 4065 R.

130 4130 134 4136 .
194 4083 326 4152 geruntur)
343 4094 432 4148 gerunt
449 4088 481 4142 0.
519 4093 608 4158 merit)
628 4095 693 4146 toret
708 4097 743 4148 u.
775 4096 838 4147 terat
855 4095 887 4150 0.
