2610 4634
127 272 189 337 teo
336 286 959 333 cusentumnrsruunrionun

125 480 180 538 uisi
192 476 317 536 'sedetis
336 477 417 536 molis
428 477 557 535 omuibus
574 478 711 534 cumulata
727 478 866 533 bonorum
884 475 1055 549 complexio.
1087 477 1161 534 lianc

127 587 239 660 assequi
260 585 359 657 uirtus,
381 583 405 641 si
427 584 576 658 quicquam
599 590 708 656 praeter
728 583 820 656 ipsam
835 584 903 640 boni
921 592 973 656 est,
997 600 1054 639 non
1068 590 1161 656 potest

127 695 226 752 Aderit
247 694 320 750 euim
341 693 496 763 malorum,
531 691 555 747 si
576 691 649 748 mala
671 692 718 747 illa
740 690 886 762 ducimus,
914 691 999 747 turbu
1022 693 1162 764 quaedam,

126 806 290 875 paupertas,
329 796 507 870 ignobilitas,
529 797 686 870 humilitas,
720 796 859 869 solitudo,
892 797 1010 854 amissio
1043 815 1163 869 suorum,

127 923 228 979 graues
250 906 361 961 dolores
384 904 527 976 corporis,
556 904 664 977 perdita
686 902 835 977 ualetudo,
866 904 1013 977 debilitas,
1043 905 1163 974 caecitas,

127 1015 253 1071 interitus
275 1011 388 1083 patriae,
411 1010 536 1084 exilium,
560 1011 678 1068 seruitus
701 1012 832 1086 denique.
865 1014 897 1068 ln
916 1011 962 1068 his
981 1018 1024 1068 tot
1041 1018 1068 1069 et
1089 1012 1164 1069 unfit

58 1198 60 1205 Ι
127 1123 226 1192 (alque
248 1119 329 1174 etiam
351 1118 431 1189 plura
452 1123 571 1190 possunt
592 1117 733 1188 accidere)
755 1123 928 1190 potestesse
952 1118 1084 1191 sapiens3
1106 1137 1164 1176 nam

126 1228 196 1284 haec
216 1239 297 1281 casus
318 1222 457 1297 importat,
480 1224 529 1297 qui
551 1224 580 1280 in
602 1224 754 1297 sapientem
776 1231 877 1296 potest·
887 1225 1045 1283 incurrere.
1088 1225 1165 1283 Atsi

127 1351 160 1392 ea
181 1334 253 1390 mala
275 1337 354 1405 sunt,
375 1330 438 1405 quis
461 1338 552 1403 potest
572 1339 714 1404 praestare
737 1348 849 1403 semper
878 1332 1038 1403 sapientem
1058 1334 1165 1390 beatum

127 1440 199 1512 lore,
233 1456 318 1513 quum
350 1440 396 1496 uel
428 1438 456 1494 in
489 1438 617 1495 omnibus
650 1427 693 1495 hi's
722 1456 779 1495 uno
808 1446 936 1510 tempore
965 1457 1031 1498 csse
1060 1435 1164 1512 possit?

128 1547 179 1608 30.
201 1550 264 1605 Non
286 1541 370 1618 igitur
391 1545 472 1602 iacile
493 1546 617 1602 concedo
645 1562 737 1618 neque
765 1545 852 1602 Bruto
880 1562 946 1603 meo
977 1565 1073 1621 neque
1094 1563 1165 1603 eom·

128 1656 257 1712 munibus
280 1652 418 1725 magistris
440 1669 532 1726 neque
553 1652 694 1709 ueteribus
716 1653 788 1723 illis,
811 1652 974 1726 Aristoteli,
999 1654 1164 1726 Speusippo,

128 1761 294 1833 Xenocrati,
317 1759 480 1831 Polemoni,
503 1766 548 1831 ut,
571 1776 657 1831 quum
679 1777 722 1832 ea,
744 1775 816 1833 quae
839 1775 923 1832 supra
945 1759 1166 1832 enumeraui,in

128 1868 208 1926 malis
229 1873 391 1939 numerent,
420 1865 505 1922 iidem
532 1866 625 1922 dicant
651 1882 763 1939 semper
783 1867 896 1924 beatum
918 1884 983 1924 esse
1007 1868 1164 1941 sapientem.

129 1977 206 2045 Quos
235 1973 259 2031 si
287 1973 383 2028 titulus
411 1972 456 2028 tric
484 1972 601 2029 delectat
627 1972 743 2045 insignis
775 1980 804 2029 et
830 1974 965 2046 pnlclrer,
1000 1975 1164 2048 Pythagora,

129 2083 260 2152 Socrate,
288 2079 405 2137 Platone
427 2079 626 2152 dignissimus,
653 2081 930 2137 inducantanimum
954 2081 1020 2152 illa,
1050 2097 1165 2154 quorum

130 2190 278 2263 splendore
295 2187 450 2261 capiuntur,
460 2187 544 2258 uires,
567 2188 765 2261 ualetudinem,
778 2188 1026 2263 pulchritudinem,
1049 2188 1164 2257 diuitias,

130 2299 262 2368 honores,
285 2313 354 2368 opes
377 2303 555 2352 contemnere
577 2312 676 2368 eaque,
694 2300 770 2369 quae
793 2295 837 2351 his
859 2296 999 2352 contraria
1022 2303 1097 2366 sunl,
1118 2310 1165 2368 pro

129 2403 217 2461 nihilo
238 2403 356 2475 ducere3
379 2409 437 2461 tum
454 2407 583 2474 poterunt
604 2401 758 2459 clarissima
779 2389 855 2459 uoce·
875 2403 1003 2474 profiteri
1026 2420 1058 2460 se
1079 2417 1165 2475 neque

129 2511 257 2569 fortunae
289 2510 392 2583 impetn
428 2527 478 2567 nec
516 2509 697 2566 multitudinis
731 2509 862 2582 opinione
894 2526 946 2566 nec
979 2511 1081 2568 dolore
1117 2522 1165 2566 nee

130 2624 292 2693 paupertate
319 2616 415 2675 terreri
447 2615 597 2685 omniaque
620 2616 673 2673 sibi
694 2616 724 2672 in
745 2633 808 2673 sese
830 2633 892 2672 esse
914 2617 1007 2690 posita
1034 2635 1087 2675 nec
1108 2632 1165 2673 esse

130 2728 279 2801 quiequam
302 2731 378 2782 extra
400 2740 478 2781 suam
500 2729 679 2796 potestatem,
707 2723 784 2796 quod
806 2723 910 2778 ducant
930 2723 959 2779 in
982 2723 1077 2782 bonis.
1119 2721 1165 2781 31.

130 2835 228 2908 Neque
250 2832 325 2892 enim
347 2838 374 2888 et
396 2831 464 2888 haec
486 2829 580 2903 loqui,
611 2847 682 2903 quae
705 2837 769 2886 sunl
788 2829 883 2901 magni
906 2828 1053 2887 cuiusdam
1075 2837 1103 2888 et
1123 2829 1166 2886 alli

130 2940 196 3013 uiri,
220 2946 247 2995 et
267 2940 374 3012 eadem,
398 2956 469 3012 quae
490 2939 602 3008 uulgus,
625 2936 654 2992 in
671 2937 752 2994 malis
769 2942 796 2993 et
816 2935 898 2993 bonis
920 2953 1081 3011 numerare,
1103 2953 1166 2994 con·

131 3045 192 3102 cedi
214 3046 273 3100 ullo
295 3045 378 3100 modo
401 3049 508 3115 potest3
532 3059 587 3115 qua
608 3041 697 3112 gloria
714 3049 869 3100 commotus
882 3043 1025 3114 Epicurus
1036 3044 1166 3115 exoritur,

130 3152 175 3210 cui
197 3151 295 3223 eliam,
324 3150 348 3207 si
370 3150 413 3206 dis
435 3151 539 3223 placet,
568 3148 679 3205 uidetur
699 3165 810 3222 semper
831 3150 941 3222 sapiens
963 3150 1074 3207 beatus.
1117 3150 1169 3208 nie

131 3259 260 3334 dignitate
282 3257 364 3315 huius
387 3258 537 3315 sententiae
563 3256 685 3330 eapitur3
715 3256 765 3312 sed
786 3272 928 3328 nunquam
949 3256 979 3312 id
1001 3256 1124 3332 diceret,
1146 3257 1168 3314 si

130 3370 192 3444 lpse
214 3385 244 3426 se
266 3366 381 3425 audiret
425 3365 500 3434 Quid
522 3372 564 3423 cst
585 3364 669 3436 enim,
692 3362 880 3437 quodminus
904 3364 1063 3437 conueniat,
1087 3378 1169 3438 quam

132 3485 162 3535 ut
183 3478 218 3552 is,
241 3475 288 3550 qui
313 3478 360 3533 uel
383 3491 522 3532 summum
544 3474 589 3529 uel
612 3472 704 3530 solum
726 3470 829 3525 malum
851 3470 978 3527 dolorem
1002 3488 1066 3528 esse
1079 3471 1168 3551 ‚dieat

131 3586 207 3643 idem
228 3590 353 3642 censeat:
387 3583 476 3651 Quam
504 3581 558 3636 hoc
579 3594 665 3636 suaue
684 3577 741 3632 estl
775 3574 850 3649 tum,
866 3579 962 3649 'quum
983 3578 1086 3637 dolore
1107 3595 1170 3636 cru·

130 3765 436 3781 -a———m

199 3884 242 3932 29.
261 3879 357 3947 ipsam)
375 3883 430 3943 ipsu
451 3881 504 3929 ΗΡ.
540 3876 583 3924 30.
603 3875 674 3936 Quos
693 3872 731 3935 sl)
748 3873 815 3933 quod
835 3874 857 3921 si
877 3874 908 3922 ll.
948 3887 1000 3935 quo
1017 3876 1040 3924 sl
1060 3877 1104 3942 l’.,
1127 3878 1173 3926 sed

130 3983 212 4033 ,upra
231 3969 293 4020 aaa,
312 3969 328 4016 (ι
355 3964 477 4027 delectat)
495 3961 598 4012 dilectat
614 3961 646 4010 R.
680 3953 752 4021 sunt)
769 3957 885 4005 sintlll‘.
920 3958 1070 4020 31.llequo
1088 3961 1174 4026 enirn)

133 4068 180 4107 nec
197 4056 264 4104 hunc
281 4052 350 4101 ΒΡ.Ὶ
370 4051 485 4111 Namque
504 4044 534 4095 0.
571 4043 624 4093 ullo
642 4039 729 4108 modo)
747 4040 816 4090 nullo
835 4041 912 4090 modo
929 4042 1009 4094 ΠΡΟ.
1042 4046 1130 4111 idean)
1148 4047 1173 4097 ld

133 4149 173 4195 est
190 4142 219 4190 lt.
