2610 4634
459 301 536 348 nan.
560 291 609 346 lv.
655 304 738 348 cae.
761 288 855 350 3-1.
1115 294 1176 356 11⁷
1219 231 1227 252 ι

135 492 197 551 siun
219 498 335 564 propter
361 490 580 562 magnitudinem
608 509 702 550 rerum
731 492 996 566 occupationemque
1017 495 1173 570 hominum,

134 598 196 656 siue
217 599 301 656 etiam
322 600 398 672 quod
419 598 554 672 imperitis
576 608 609 656 ea
629 599 744 673 probari
765 617 849 672 posse
871 617 928 657 non
956 602 1173 678 arbitrabantnr3

133 723 222 780 quum
243 705 354 763 interim
374 705 433 763 illis
454 705 600 763 silentibus
622 706 654 764 C.
676 704 829 763 Amaliuius
851 707 938 763 extitit
960 709 1071 781 dicens,
1094 713 1173 770 cuius

133 814 214 871 libris
237 812 320 869 editis
341 818 478 869 commota
505 812 652 869 multitudo
675 812 791 870 contulit
811 830 842 870 se
864 814 899 870 ad
921 815 1038 872 eandem
1060 818 1173 888 potissi-

133 934 210 977 mum
231 918 417 992 disciplinam,
447 917 508 975 siue
529 919 605 991 quod
628 925 686 976 erat
706 919 819 990 cognitu
840 921 990 996 perfacilis,
1014 922 1075 980 siue
1097 926 1174 997 quod

134 1024 321 1083 innitebantur
342 1026 482 1082 illecebris
505 1026 622 1081 blandae
645 1026 804 1099 uoluptatis,
827 1026 888 1082 siue
909 1027 1002 1102 etiam,
1020 1030 1085 1102 quia
1103 1031 1173 1088 nihil

134 1138 193 1189 erat
214 1134 354 1204 prolatum
380 1132 497 1204 melius,
526 1132 614 1204 illud,
645 1134 722 1205 qnod
748 1140 821 1206 crat,
850 1134 988 1191 tenebant
1044 1138 1071 1194 7.
1106 1140 1173 1195 Post

132 1239 302 1296 Amafinium
324 1246 416 1297 autem
437 1239 515 1296 multi
543 1238 668 1295 eiusdem
701 1240 814 1296 aemuli·
831 1240 944 1297 rationis
974 1245 1059 1299 multa
1086 1260 1172 1317 quum

133 1345 326 1419 scripsissent,
356 1347 464 1404 ltaliam
491 1351 577 1402 totam
604 1353 824 1419 occupauerunt3
858 1348 989 1420 qnodque
1023 1350 1173 1407 marimum

132 1448 328 1524 argumentum
347 1459 392 1510 est
412 1471 469 1510 non
491 1451 545 1508 dici
567 1452 615 1510 illa
637 1452 784 1525 subtiliter,
808 1454 884 1525 quod
906 1460 935 1509 et
955 1454 1172 1513 sacileediscan·

132 1565 177 1615 tur
198 1566 226 1615 et
246 1560 282 1616 ab
303 1559 421 1616 indoctis
449 1559 617 1634 probentur,
645 1559 675 1614 id
703 1559 745 1615 illi
773 1559 976 1616 firmamentum
1004 1579 1066 1618 esse
1087 1564 1172 1620 disci-

133 1666 229 1739 plinae
250 1673 354 1739 putant.
952 1729 957 1739 ‚

218 1773 270 1830 IV.
293 1773 511 1848 Sed-defendat,
534 1774 610 1846 quod
632 1771 750 1847 quisque
772 1771 869 1845 sentit,
892 1778 956 1829 surrt
978 1774 1051 1831 euim
1071 1775 1173 1834 iudicia

132 1878 237 1954 llbera3
270 1896 322 1938 nos
350 1880 504 1938 institutum
533 1880 707 1954 tenebimus,
736 1879 877 1952 nullisque
905 1880 986 1937 unius
1008 1855 1172 1954 disciplinae

133 1986 245 2058 legibus
266 1987 381 2061 astricti,
393 1987 496 2060 quibus
518 1988 546 2045 in
558 1987 735 2060 philosophia
756 1986 914 2043 necessario
926 2003 1082 2063 pareamus,
1104 1990 1172 2062 quid

132 2092 220 2151 sitin
242 2112 405 2167 quoquere
426 2095 546 2152 maxime
563 2095 718 2167 probabile,
741 2111 852 2165 semper
874 2094 1056 2165 requiremus.
1089 2097 1172 2163 Quod

133 2217 222 2272 quum
243 2217 327 2272 saepe
348 2202 431 2272 alias,
464 2207 523 2257 tum
545 2217 635 2272 nuper
667 2202 694 2256 in
719 2201 876 2256 Tusculano
906 2199 1030 2256 studiose
1053 2202 1170 2272 egimus.

132 2307 231 2379 ltaque
258 2307 391 2379 expositis
413 2307 495 2363 tridui
529 2306 761 2378 disputationibus
783 2312 896 2379 quartus
930 2307 990 2362 dies
1012 2306 1065 2363 boc
1098 2308 1171 2365 libro

132 2414 315 2471 concluditur.
348 2413 383 2470 Ut
404 2414 479 2470 enim
500 2413 529 2470 in
551 2413 711 2470 inferiorem
727 2413 942 2469 ambulationem
964 2415 1170 2490 descendimus,

131 2519 210 2592 quod
231 2520 385 2578 leceramus
405 2521 480 2591 idem
503 2520 694 2591 superioribus
716 2521 825 2593 diebus,
847 2526 906 2576 acta
929 2537 973 2576 res
996 2528 1038 2577 est
1059 2521 1109 2579 sic.

217 2625 248 2686 8.
271 2629 313 2686 Μ.
336 2629 426 2700 Dicat,
450 2628 474 2684 si
496 2627 558 2700 quis
581 2629 651 2699 uult,
673 2644 729 2699 qua
751 2627 785 2682 de
807 2644 837 2682 re
859 2626 994 2697 disputari
1015 2627 1091 2683 uelit.
1133 2630 1170 2687 A.

131 2733 196 2790 Non
218 2733 287 2791 mihi
316 2735 426 2791 uidetur
447 2735 522 2791 omni
544 2734 629 2790 animi
651 2733 857 2806 perturbatione
880 2749 964 2804 posse
987 2733 1098 2804 sapiens
1118 2753 1169 2792 ua-

130 2857 205 2897 oare.
249 2843 289 2900 M.
311 2841 492 2913 Aegritudine
514 2842 627 2914 quidem
650 2842 777 2896 besterna
799 2839 983 2911 disputatione
1005 2839 1170 2917 uidebatur3

131 2946 187 3004 nisi
209 2947 283 3004 forte
299 2949 431 3022 temporis
454 2965 535 3005 cansa
556 2948 638 3005 nobis
659 2946 853 3006 assentiebare.
887 2947 920 3001 A.
943 2947 1059 3005 Minime
1081 2965 1169 3023 uer03

130 3070 196 3111 nam
218 3055 287 3111 mibi
309 3048 422 3126 egregie
444 3056 559 3127 probata
580 3062 622 3112 est
649 3055 736 3111 oratio
759 3061 813 3111 tua.
856 3056 896 3112 M.
918 3054 981 3110 Non
1003 3053 1087 3126 igitur
1108 3055 1169 3112 exi·

132 3161 228 3220 stimas
250 3163 399 3219 cadere‘in
421 3163 573 3234 sapientem
595 3157 818 3232 aegritudinem?
847 3161 880 3216 A.
904 3161 1024 3218 Prorsus
1046 3179 1101 3218 non
1123 3180 1169 3219 ar·

132 3269 231 3327 bitror.
274 3271 314 3327 Μ.
334 3269 432 3342 Atqui,
455 3269 478 3326 si
501 3269 551 3326 isla
574 3269 735 3340 perturbare
746 3267 868 3323 animum
890 3267 1022 3339 sapientis
1038 3284 1094 3323 non
1116 3283 1168 3339 po·

131 3383 196 3449 test,
218 3377 296 3433 nulla
317 3377 427 3448 poterit.
470 3377 545 3445 Quid
567 3372 661 3432 enim?
684 3380 809 3430 metusne
826 3371 994 3431 conturbet?
1015 3375 1052 3430 At
1072 3389 1168 3431 earum

129 3499 226 3541 rerum
247 3489 291 3541 cst
310 3483 467 3540 absentium
488 3490 587 3554 metus,
610 3498 727 3554 quarum
744 3479 931 3552 praesentium
952 3484 994 3535 est
1014 3477 1168 3549 aegritudo.

201 3708 350 3774 bominum)
372 3708 488 3759 omniurn
505 3708 559 3757 ΒΡ.
594 3702 752 3768 Amafinius]
770 3703 909 3755 Amilinius
926 3704 980 3754 ΒΡ.
1015 3702 1167 3753 Amalanins

131 3796 163 3846 0.
209 3792 330 3859 eandem)
349 3795 438 3843 eadem
456 3792 509 3841 ΒΡ.
553 3792 739 3852 innitebantur)
763 3790 916 3839 innitebatur
932 3787 985 3837 ΒΡ.
1028 3787 1167 3849 illecebris)

130 3881 263 3930 inlicebris
280 3880 313 3932 R.
348 3886 401 3928 erat
418 3874 558 3941 prolatum)
577 3877 641 3938 prol.
658 3875 752 3930 eratO.
778 3870 984 3936 7.Arnafinium)
1001 3872 1167 3922 Amalaniurn

132 3966 167 4016 0.
201 3979 281 4028 quum
295 3963 476 4026 scripsissent)
493 3960 703 4022 conscripsissent
718 3960 748 4008 P.
783 3963 809 4008 et
826 3953 911 4022 tacite)
929 3957 1005 4006 etiarn
1024 3956 1097 4006 tacite
1111 3956 1166 4005 ΒΡ.

132 4049 217 4114 quod)
232 4062 284 4112 quo
301 4047 355 4099 ltP.
393 4043 533 4110 nullisque)
550 4045 697 4106 nulliusque
716 4043 749 4094 0.
782 4043 808 4095 8.
826 4038 913 4107 nobis)
930 4042 992 4094 noui
1009 4041 1040 4095 P.
1074 4052 1167 4092 assen-

130 4132 244 4199 tiebare)
260 4132 431 4184 assentiebare
450 4131 502 4182 RP.
537 4125 587 4194 At)
605 4133 631 4179 et
647 4129 701 4178 RP.
