2610 4634
144 307 206 371 tid
349 324 970 374 rosconmoursrurnrrorsuu

141 529 203 571 cem
224 513 306 570 bene.
349 513 419 572 Dico
442 513 516 571 enim
538 520 712 589 constanter,
734 515 867 591 grauiter,
891 518 1044 594 sapienter,
1067 519 1174 578 fortiter.

143 616 194 680 13.
226 621 305 677 Haec
326 623 409 679 etiam
431 621 460 679 iu
482 623 609 679 eculeum
635 620 807 694 coiciuntur,
841 640 899 696 quo
921 624 980 682 uite
1001 643 1060 683 non
1083 628 1177 700 aspiret

141 727 232 786 berta.
275 730 314 787 Μ.
338 729 413 798 Quid
434 725 540 801 igitur?
566 730 662 785 solane
684 729 763 786 beata
784 729 851 802 uita,
873 747 992 805 quaeso,
1016 733 1176 807 relinquitur

142 843 219 893 extra
240 835 343 892 ostium
365 836 506 909 limenque
523 835 652 909 carceris,
675 851 760 908 quum
779 839 942 912 constantia,
966 840 1101 912 grauitas,
1123 841 1176 897 lor·

140 943 244 1016 titudo,
272 943 422 1017 sapientie,
453 942 578 1015 reliquae
600 942 714 999 uirtutes
737 942 880 1015 rapiantur
900 946 937 1002 nt
959 953 1096 1003 tortorem
1119 948 1175 1004 nul·

141 1049 256 1122 tumque
277 1054 407 1106 recusent
428 1065 480 1104 nec
502 1049 672 1121 supplicium
693 1066 746 1105 nec
767 1049 919 1108 dolorem?
941 1053 977 1108 Α.
1001 1053 1046 1109 Τιι
1070 1053 1095 1110 si
1116 1053 1176 1126 quid

140 1170 171 1212 es
194 1154 334 1228 tacturus,
365 1172 438 1211 noua
466 1155 559 1228 aliqua
587 1156 737 1229 conquiras
759 1163 877 1228 oportet
921 1159 979 1216 lsta
1001 1177 1048 1216 me
1071 1159 1177 1217 minime

139 1267 262 1335 mouent,
285 1279 341 1319 non
353 1263 444 1319 solum
466 1262 532 1334 quia
550 1264 714 1335 peruulgata
734 1270 808 1336 sunt,
831 1265 881 1320 sed
894 1267 983 1322 multo
1005 1268 1097 1339 magis
1118 1266 1178 1340 quia

138 1374 272 1442 tunquam
292 1371 368 1427 leuia
390 1369 526 1444 quaedem
548 1369 613 1426 uina
634 1369 703 1426 nibil
727 1372 821 1426 ualent
842 1370 870 1426 in
894 1388 984 1447 aqua,
1007 1372 1051 1430 sic
1072 1375 1176 1430 Stoico·

139 1493 202 1534 rum
234 1477 287 1534 ista
319 1478 408 1551 magis
441 1483 549 1550 gustata
581 1491 665 1548 quam
696 1483 789 1549 potata
810 1476 959 1535 delectant
1014 1480 1100 1537 Uelut
1129 1479 1176 1536 iste

141 1586 244 1643 chorus
267 1586 399 1643 uirtutum
421 1585 452 1641 in
473 1585 599 1640 eculeum
621 1583 767 1656 impositus
796 1583 932 1655 imagines
955 1586 1100 1644 constituit
1120 1593 1176 1643 ante

140 1694 239 1749 oculos
262 1710 325 1750 cum
347 1691 518 1765 amplissima
540 1690 688 1764 dignitate,
716 1695 747 1746 ut
767 1691 802 1746 ad
825 1707 873 1747 eas
895 1694 1001 1751 cursim
1023 1701 1177 1766 perrectura

138 1816 191 1856 noc
212 1815 259 1855 eas
281 1800 361 1856 beata
383 1798 438 1854 uita
461 1815 476 1853 a
498 1814 529 1852 se
551 1799 672 1853 desertas
694 1813 811 1869 passura
832 1798 970 1855 uideatur.
1015 1801 1067 1860 14.
1089 1801 1176 1869 Quum

139 1913 230 1962 autem
253 1906 376 1961 animum
399 1904 434 1960 ab
457 1903 507 1960 ista
529 1904 637 1976 pictura
658 1903 885 1978 imaginibusque
906 1905 1043 1964 uirtutum
1065 1908 1176 1964 adrem

136 2013 337 2084 ueritatemque
357 2010 534 2095 traduxeris,
558 2011 613 2066 boc
634 2011 740 2068 nudum
762 2011 944 2086 relinquitur,
967 2013 1095 2086 possitne
1117 2013 1175 2088 quis

136 2119 233 2177 beatus
255 2136 328 2193 esse,
351 2117 484 2192 quamdiu
502 2124 673 2191 torqueatur.
708 2118 897 2186 Quamobrem
918 2119 974 2177 boc
997 2138 1073 2178 nuuc
1094 2138 1175 2194 quac·

137 2243 249 2302 remus3
271 2227 387 2284 uirtutes
409 2232 499 2283 autem
522 2225 580 2282 noli
602 2225 705 2298 uereri,
729 2241 764 2280 ne
777 2227 956 2297 expostulent
977 2234 1006 2283 et
1027 2234 1175 2301 querantur

137 2351 169 2392 se
198 2352 215 2391 a
246 2335 326 2391 beata
358 2334 415 2390 uita
437 2349 499 2391 esse
522 2334 651 2406 relictas3
674 2332 698 2389 si
721 2331 794 2388 euim
817 2335 895 2389 nulla
917 2334 1008 2390 uirtus
1030 2334 1175 2407 prudentia

136 2447 230 2515 uacet,
253 2439 399 2514 prudentia
422 2439 483 2511 ipsa
504 2440 558 2496 hoc
579 2440 673 2512 uidet,
696 2456 753 2496 non
775 2456 872 2496 omnes
894 2441 987 2499 bonos
1009 2459 1075 2499 esse
1096 2442 1175 2499 etiem

135 2546 243 2622 beatos,
265 2549 408 2619 multaque
431 2548 466 2603 de
477 2548 517 2605 Μ.
534 2546 631 2620 Atilio,
649 2547 683 2615 Q.
699 2545 850 2620 Caepione,
873 2545 922 2606 Μ’.
944 2547 1061 2622 Aquilio
1084 2567 1174 2607 recor·

136 2656 226 2729 detur,
249 2656 414 2728 beatamque
437 2654 540 2725 uitam,
573 2654 597 2710 si
619 2653 786 2726 imaginibus
808 2653 902 2726 potius
924 2654 963 2711 uti
986 2671 1072 2728 quam
1094 2657 1174 2713 rebus

134 2761 205 2834 ipsis
233 2765 339 2837 placet,
368 2767 516 2818 conantem
544 2759 586 2817 ire
613 2761 642 2818 in
671 2762 797 2818 eculeum
824 2762 923 2819 retinet
944 2762 1008 2834 ipsa
1029 2763 1175 2835 prudentio

135 2875 275 2942 negatque
297 2870 324 2926 ei
346 2886 410 2926 cum
432 2870 532 2926 dolore
554 2875 582 2925 et
603 2869 724 2925 cruciatu
748 2867 896 2940 quicquam
917 2885 981 2925 esse
1003 2886 1161 2928 commune.

220 2976 270 3032 Vl.
285 2973 335 3033 15.
357 2978 397 3033 M.
408 2977 501 3057 Facile
524 2965 623 3046 patior'
633 2980 661 3032 te
682 2975 737 3031 isto
759 2975 843 3031 modo
866 2991 959 3048 agere,
972 2975 1025 3032 etsi
1048 2975 1174 3050 iniquum

135 3085 178 3137 est
198 3080 389 3152 praescribere
411 3079 479 3136 mibi
502 3086 544 3152 te,
573 3082 809 3153 quemadmodum
832 3100 847 3138 a
868 3099 913 3138 me
935 3081 1074 3155 disputari
1095 3083 1175 3140 uelis.

134 3187 192 3245 Sed
214 3203 329 3260 quaero,
351 3193 443 3243 utrum
465 3187 572 3260 aliquid
594 3193 686 3256 actum
708 3188 899 3261 superioribus
921 3189 1033 3262 diebus,
1051 3208 1088 3247 en
1107 3190 1175 3248 nibil

134 3292 323 3354 arbitremur?
345 3297 380 3352 Α.
401 3295 502 3352 Actum
523 3312 602 3369 uero,
625 3301 653 3351 et
674 3295 844 3369 aliquantum
866 3297 990 3369 quidem.
1030 3299 1074 3356 Μ.
1090 3297 1175 3372 Atqui

134 3404 157 3461 si
180 3404 218 3462 ita
247 3409 306 3477 est,
340 3403 484 3477 profligata
515 3402 569 3460 iam
602 3402 671 3458 baec
698 3409 725 3458 et
752 3419 840 3474 poene
867 3403 903 3458 ad
924 3403 1030 3460 exitum
1054 3405 1176 3462 adductr

133 3513 260 3584 quaestio
283 3517 334 3570 est.
380 3513 412 3569 n.
436 3513 498 3580 Quo
520 3511 632 3567 tandem
657 3505 768 3564 modo?
796 3511 836 3567 M.
864 3509 936 3577 Quia
958 3516 1051 3568 motus
1074 3513 1174 3570 turbu·

133 3619 202 3676 lenti
223 3617 441 3691 iactationesque
463 3617 620 3673 animomm
640 3612 767 3670 incitatae
790 3621 818 3671 et
839 3614 944 3693 impetu
965 3616 1174 3676 inconsiderato

132 3726 230 3798 elatae,
253 3726 388 3783 rationem
410 3740 522 3780 omnem
544 3722 722 3792 repellentes,
745 3719 819 3777 uitae
835 3722 932 3779 beatae
946 3724 1053 3780 nullam
1064 3732 1174 3799 purtem

202 3991 243 4041 13.
262 3991 426 4060 coiciuntur)
440 3994 577 4045 coitiuntur
593 3991 624 4040 R.
660 3989 830 4040 coniiciuntur
847 3991 903 4046 ΡΟ.
947 3994 1081 4060 reliquere)
1107 3998 1173 4046 roli-

132 4089 247 4142 qureque
265 4075 342 4126 ltPt).
379 4077 419 4128 14.
437 4078 482 4128 Μ’.
500 4071 617 4142 Aquilio)
635 4074 747 4136 maquito
765 4074 817 4124 ΜΡ.
855 4074 896 4125 15.
913 4079 1002 4143 agere)
1021 4091 1099 4143 cgere
1116 4081 1172 4132 ΒΡ.

132 4159 206 4231 boec)
224 4175 266 4214 om
293 4160 359 4212 Non.
376 4175 404 4225 p.
424 4159 491 4212 160.
526 4157 648 4223 adducta)
666 4157 774 4208 deducte
791 4156 859 4207 tlon.
877 4159 894 4207 t
913 4160 930 4209 t.
