2610 4634
132 297 195 360 110
346 310 954 356 sussurannrsrnrsrronnu

131 500 252 560 melione
273 501 371 558 bumili
391 507 474 574 atqm
490 500 583 574 fracta,
606 499 764 556 nominetur
775 505 874 558 metus.
908 499 960 555 Est
977 497 1065 570 igitur
1082 505 1169 556 metus

133 626 148 666 a
171 608 277 665 ratione
297 625 395 667 auersa
416 608 516 666 cautio.
550 607 706 664 Praesentis
725 612 816 663 antem
833 605 899 662 mali
911 604 1047 678 sapientis
1063 605 1168 662 affectio

132 718 209 773 nulla
230 722 280 774 est.
335 714 384 773 14.
413 716 494 772 Stulti
516 720 607 771 autem
628 712 771 784 aegritudo
792 718 836 769 est
855 729 907 784 ea,
936 728 992 785 qun
1015 713 1170 769 alliciuntur

133 824 163 880 ln
183 823 265 879 malis
286 821 405 894 opinatis
426 820 588 893 animosque
610 820 756 876 demittunt
772 826 799 876 et
813 819 980 875 contrabnnt
996 818 1100 876 rationi
1115 834 1168 874 non

133 930 364 1000 obtemperantes.
408 929 503 1001 ltaque
524 928 593 982 baec
614 927 703 998 prima
724 927 849 983 delinitio
880 933 939 998 est,
967 935 997 982 ut
1025 926 1168 997 aegritudo

132 1034 169 1091 sit
188 1034 272 1091 animi
293 1035 457 1090 aduersante
479 1033 584 1090 ratione
600 1014 767 1092 'contractio
799 1033 846 1089 Sic
867 1039 999 1105 quattuor
1022 1033 1168 1106 perturba-

132 1141 222 1198 tiones
250 1146 330 1211 sunt,
357 1145 414 1196 tres
442 1139 626 1212 constantiae,
655 1142 787 1213 qnoniam
813 1139 982 1211 aegritudini
1004 1141 1083 1196 nulla
1104 1157 1168 1196 oon·

132 1246 229 1304 stantm
251 1245 410 1318 opponitur.

215 1354 280 1410 Vll.
313 1354 371 1410 Sed
397 1370 494 1411 omnes
522 1352 744 1425 perturbationes
770 1352 874 1409 indicio
905 1358 1023 1409 censent
1053 1352 1115 1409 lieri
1143 1357 1169 1408 et

132 1459 274 1533 opinione.
329 1461 425 1533 ltaque
447 1478 494 1518 eas
515 1461 650 1516 deliniunt
678 1460 812 1533 pressius,
841 1468 872 1516 ut
898 1460 1086 1533 intelligatur,
1114 1476 1168 1515 non

132 1569 217 1625 modo
239 1584 324 1640 quam
344 1568 477 1640 uitiosae,
501 1569 550 1624 sed
573 1566 656 1624 etiam
677 1584 760 1639 qnam
782 1567 810 1622 in
832 1572 926 1622 nostra
949 1564 1004 1622 sint
1025 1572 1168 1638 potestate.

131 1675 184 1732 Est
204 1691 272 1745 ergo
295 1675 439 1744 aegritudo
461 1674 555 1745 opinio
577 1691 676 1730 recens
696 1674 762 1730 mali
791 1672 961 1744 praesentis,
988 1672 1020 1728 io
1042 1689 1101 1746 quo
1120 1673 1168 1728 de·

132 1782 202 1837 mitti
225 1781 404 1853 contrahique
425 1780 518 1837 animo
546 1787 650 1837 rectum
677 1797 741 1836 esse
767 1779 909 1849 uideatur3
942 1780 1046 1837 laetitia
1075 1780 1168 1852 opinio

133 1903 230 1943 recens
259 1887 325 1943 boni
352 1887 522 1959 praesentis,
551 1887 579 1944 iu
608 1904 664 1960 quo
683 1886 778 1944 efferri
807 1893 911 1943 rectum
933 1903 997 1945 esse
1026 1887 1168 1957 uideatur;
1194 1870 1198 1883 ⁸

132 1999 221 2050 metus
243 1993 339 2065 opinio
360 1993 544 2064 impendentis
565 1994 643 2066 mali,
666 1994 741 2066 qnod
760 1993 934 2051 intolerabile
949 2009 1014 2049 esse
1027 1993 1168 2062 uideatur;

131 2099 220 2156 libido
243 2100 339 2171 opinio
360 2100 470 2157 uenturi
492 2101 570 2173 boni,
593 2102 668 2174 quod
689 2101 725 2156 sit
745 2118 779 2157 ex
801 2117 854 2157 usu
875 2098 930 2156 iam
951 2115 1169 2170 praesenseras

132 2214 215 2281 atque
237 2208 343 2265 adesse.
378 2204 428 2266 15.
451 2209 507 2264 Sed
529 2224 601 2281 quae
622 2207 722 2264 indicia
744 2223 868 2280 quasque
890 2206 1039 2278 opiniones
1061 2213 1168 2279 pertur-

132 2314 276 2372 bationum
304 2331 366 2371 esse
393 2316 467 2387 dixi,
498 2332 554 2371 non
582 2315 610 2371 in
639 2315 679 2371 eis
708 2314 928 2387 perturbationes
950 2313 1045 2368 solum
1067 2313 1168 2386 positas

132 2422 309 2494 essedicunt,
331 2439 430 2478 uerum
450 2422 498 2479 illa
520 2422 612 2495 etiam,
636 2439 708 2495 quae
729 2421 887 2479 alliciuntur
902 2419 1168 2492 perturbationibus,

132 2535 163 2586 nt
183 2529 326 2600 aegritudo
349 2529 429 2601 quasi
450 2546 574 2586 morsum
596 2528 718 2602 aliquem
741 2529 847 2584 doloris
868 2526 987 2597 elficiat,
1013 2533 1104 2583 metus
1126 2544 1169 2583 re·

132 2653 242 2694 cessum
263 2639 403 2709 quendam
423 2637 507 2694 animi
530 2643 557 2693 et
579 2636 684 2710 lugam,
706 2635 807 2691 laetitia
828 2632 973 2705 profusam
994 2632 1169 2701 bilaritatem,

132 2744 221 2800 libido
243 2744 402 2802 ellrenatam
423 2743 617 2816 appetentiam.
672 2740 869 2814 Opinalionem
896 2747 1003 2811 antem,
1034 2756 1120 2812 qnam
1141 2741 1169 2797 in

133 2867 230 2908 omncs
251 2851 427 2908 definitiones
449 2851 609 2924 superiores
629 2849 809 2921 inclusimus,
836 2848 935 2904 nolunt
956 2863 1020 2903 esse
1041 2847 1169 2904 imbecil-

132 2958 188 3014 lam
210 2957 407 3014 assensionem.

218 3061 267 3121 16.
297 3064 352 3119 Sed
375 3062 492 3133 singulis
513 3061 767 3134 perturbationibus
789 3068 881 3133 partes
909 3060 1037 3117 eiusdem
1060 3059 1171 3133 generis

132 3171 226 3243 plnres
259 3169 449 3243 subiciuntur,
478 3176 508 3226 ut
546 3168 711 3240 aegritudini
749 3168 901 3225 inuidentia
939 3167 1098 3236 (utendum
1130 3173 1173 3225 est

133 3277 206 3337 enim
228 3276 345 3334 docendi
367 3293 449 3333 causa
471 3277 559 3333 uerbo
580 3276 671 3331 minus
694 3276 809 3347 usitato,
832 3275 964 3348 qnoniam
985 3275 1091 3332 inuidia
1113 3293 1171 3332 nnn

132 3386 162 3444 in
184 3403 235 3460 eo,
259 3383 307 3458 qui
329 3382 443 3458 inuidet,
468 3385 560 3441 solum
581 3383 695 3454 dicitur,
725 3383 775 3439 sed
797 3383 879 3440 etlam
901 3383 929 3439 in
951 3399 1005 3453 eo,
1028 3382 1075 3439 eui
1096 3383 1171 3439 inni·

133 3494 238 3564 detur),
261 3490 418 3561 aemulatio,
441 3490 613 3562 obtrectatio,
635 3489 835 3562 misericordia,
857 3506 953 3562 angor,
978 3491 1079 3561 luctus,
1091 3506 1172 3547 mae

133 3616 191 3672 rnr,
213 3616 354 3673 aerumna,
378 3599 469 3670 dolor,
493 3596 661 3668 lamentatio,
677 3595 846 3671 sollicitudo,
861 3597 998 3671 molestia,
1017 3597 1169 3671 alllietatio,

201 3896 215 3933 a
238 3884 355 3948 ratione)
372 3887 468 3936 ratione
487 3885 540 3935 111).
586 3881 625 3933 14.
644 3882 732 3944 Stulti)
750 3886 828 3936 stulta
845 3886 898 3936 Rl‘.
943 3883 1023 3951 ergo)
1044 3886 1120 3948 lgltur
1139 3885 1170 3936 0.

134 3967 173 4018 15.
193 3969 353 4034 effrenatam)
371 3973 490 4021 ellrenata
508 3970 561 4019 ne.
597 3967 766 4032 imbecillam)
782 3970 937 4021 imbecillem
956 3971 1008 4020 lll’.
1039 3968 1171 4035 ltienim)

61 4039 70 4065 '
131 4054 180 4104 nr
197 4053 242 4102 nn.
260 4052 290 4102 r.
326 4054 450 4116 decenn)
467 4055 512 4105 sn
528 4055 595 4105 uon.
612 4067 639 4118 ρ.
657 4050 729 4105 ssa.
746 4053 849 4105 arecon
867 4055 921 4105 ne.
954 4053 1105 4122 afflictatio)
1122 4055 1172 4106 eo-

134 4138 243 4189 deetatlo
266 4137 319 4186 lll’.
