2610 4634
404 889 455 961 Μ.
486 884 672 960 TULLl
696 888 1030 966 CICERONIS

236 1138 688 1255 ttttttttttrtttt
737 1141 1216 1264 lildPUidtidNUii

562 1412 673 1509 [leun
696 1417 878 1485 QUARTUS.

252 1651 331 1718 ¹DE
353 1649 557 1733 RELIQUIS
580 1651 704 1720 ANIMI
725 1651 1171 1726 PERTURBATIONIBUS.

556 1899 861 1908 m

201 2079 225 2134 1.
249 2075 277 2134 1.
300 2036 418 2158 Quum
440 2075 532 2131 multis
560 2073 629 2129 locis
656 2080 814 2130 nostrorum
842 2075 985 2132 hominum
1013 2078 1125 2150 ingenia
1153 2082 1240 2140 uirtu-

199 2192 312 2258 temque,
334 2185 436 2254 Brute,
460 2184 538 2238 soteo
560 2165 670 2253 mirari,
694 2187 751 2236 tum
773 2182 891 2238 maxime
913 2182 941 2238 in
963 2183 1007 2239 iris
1030 2186 1148 2258 studiis,
1170 2205 1240 2262 quac

200 2309 263 2350 sero
286 2291 435 2349 admodum
457 2291 573 2361 expetita
601 2290 630 2344 in
659 2287 728 2343 hanc
751 2289 888 2345 ciuitatem
911 2307 926 2346 e
955 2291 1069 2348 Graecia
1091 2297 1240 2351 transtute·

198 2405 272 2456 runt.
317 2399 388 2454 Nam
410 2413 496 2468 quum
518 2413 533 2451 a
555 2395 646 2468 primo
669 2395 746 2451 urbis
770 2402 830 2451 ortu
854 2396 938 2467 regiis
959 2396 1109 2471 institutis,
1141 2403 1240 2473 partim

199 2507 281 2564 etiam
303 2505 428 2577 legibus,
461 2503 598 2574 auspicia,
628 2502 827 2575 caerimoniae,
857 2503 984 2573 comitia,
1013 2507 1238 2581 prouocationes,

199 2620 307 2687 patrum
329 2610 488 2682 consitium,
508 2609 631 2682 equitum
653 2609 831 2681 peditumque
854 2610 1013 2683 descriptio,
1036 2618 1093 2669 tota
1116 2632 1161 2671 res
1184 2616 1239 2672 mi-

198 2721 286 2779 litatis
308 2718 440 2775 diuinitus
461 2723 535 2774 esset
557 2716 719 2790 coustituta3
740 2723 798 2772 tum
821 2717 981 2788 progressio
1003 2719 1176 2778 admirabilis
1195 2722 1239 2782 in·

198 2827 395 2898 credibilisque
417 2841 514 2880 cursus
536 2824 571 2880 ad
594 2841 704 2879 omnem
726 2824 915 2880 exceltentiam
935 2824 1022 2882 factus
1040 2832 1083 2882 est
1096 2828 1239 2886 dominatu

198 2935 277 3005 regio
300 2931 458 3005 republica
479 2931 603 2987 liberata.
646 2931 704 2986 Nec
726 2947 795 2986 uero
816 2930 861 2986 hic
882 2932 961 2987 locus
983 2937 1041 3004 cst,
1064 2939 1095 2989 ut
1117 2935 1154 2991 de
1175 2953 1238 2992 mo·
1262 2998 1265 3003 ,

198 3041 277 3096 ribus
299 3038 484 3110 institutisque
513 3036 649 3092 maiorum
672 3041 699 3090 et
720 3036 867 3108 disciplina
889 3055 920 3093 ac
943 3041 1145 3110 temperatione
1166 3041 1238 3098 ciui·

198 3146 259 3205 tatis
281 3148 436 3217 loquamur.
479 3143 550 3199 Aliis
580 3143 647 3199 haec
675 3143 743 3199 locis
771 3144 836 3199 satis
865 3151 991 3201 accurate
1023 3146 1239 3205 anobisdicta

199 3261 264 3312 sunt
283 3252 459 3324 maximeque
480 3250 508 3306 iu
530 3251 564 3307 iis
587 3268 635 3308 sex
647 3250 737 3323 libris⁷
756 3267 827 3323 quos
846 3252 881 3307 de
899 3253 1051 3324 republica
1063 3253 1238 3326 scripsimus.

198 3361 230 3422 2.
250 3364 314 3419 Hoc
341 3366 432 3417 autem
454 3360 517 3414 loco
544 3357 728 3414 consideranti
756 3343 832 3413 mihi
852 3357 941 3414 studia
973 3359 1115 3417 doctrinae
1151 3363 1238 3419 multa

200 3487 265 3528 sane
287 3473 449 3541 occurrunt,
479 3483 528 3523 cur
550 3483 582 3523 ea
604 3481 717 3538 quoque
739 3464 868 3521 arcessita
899 3464 1010 3521 aliunde
1031 3483 1122 3539 neque
1144 3470 1238 3526 sotum

193 3577 333 3649 expetita,
363 3575 515 3632 sedetiam
537 3578 698 3630 conseruata
720 3579 747 3628 et
768 3573 840 3626 culta
863 3570 1016 3628 uideantur.
1070 3574 1141 3630 Erat
1161 3575 1237 3632 enim

198 3681 255 3738 illis
277 3699 364 3755 paene
385 3683 414 3739 in
436 3687 585 3753 conspectu
606 3677 753 3752 praestanti
775 3677 908 3751 sapientia
930 3685 956 3735 et
977 3678 1237 3755 nobilitatei'ytha·

270 3939 293 3988 l.
312 3939 398 4001 Quum
418 3945 506 3994 multis
524 3944 606 4010 locis)
626 3957 676 3993 om.
695 3943 727 3992 R.
771 3943 868 4008 regiis)
886 3946 995 4008 graegiis
1012 3943 1059 4004 lt,
1082 3945 1129 3994 red
1146 3959 1161 4008 g
1179 3951 1236 3998 cta

200 4025 285 4074 deteris
311 4038 377 4072 corr.
400 4028 484 4087 regiis.
528 4027 715 4093 caerimoniae)
739 4030 827 4079 cerim.
847 4029 879 4080 P.
925 4033 998 4094 deser
1024 4028 1080 4096 tio)
1103 4031 1180 4082 discr.
1205 4031 1235 4082 R.

201 4109 283 4175 esset)
300 4121 358 4161 esso
376 4110 408 4159 a.
442 4123 470 4160 re
486 4111 599 4177 publice)
617 4113 819 4176 responde.
