2610 4634
175 270 220 333 22
392 283 618 331 succursu.
646 284 990 333 nrarorarronuu

176 493 229 534 nec
260 475 317 533 uim
344 475 431 533 ullam
450 475 638 550 nanciscatur,
659 492 715 550 quia
743 494 759 533 a
784 476 875 549 primo
903 476 1026 550 impulsa
1057 484 1213 536 moneatur.

177 585 270 653 Quum
291 589 383 657 pateat
402 583 487 656 igitur
506 554 650 640 ueternum
671 584 700 641 id
722 600 800 659 esse,
827 585 904 658 quod
926 602 956 642 se
976 585 1069 657 ipsum
1091 592 1213 660 moueat,

177 692 241 765 quis
265 698 322 765 est,
345 691 395 763 qui
415 691 486 748 banc
507 697 633 748 naturam
655 690 754 747 animis
776 709 838 748 esse
860 693 988 749 tributam
1010 689 1117 764 neget?
1149 695 1214 750 lna·

176 799 282 856 nimum
304 805 346 854 est
366 799 441 855 enim
462 815 556 873 omne,
578 800 653 871 quod
675 800 758 871 pulsu
780 798 897 870 agitatur
918 807 1042 872 externo,
1066 801 1142 873 quod
1164 817 1214 856 au-

176 914 233 964 tem
254 913 297 964 est
317 906 435 979 animal,
458 905 486 962 id
508 912 584 962 motu
606 906 693 963 cietur
713 906 844 963 interiore
866 914 893 964 et
917 924 983 979 suo;
1006 925 1070 964 nam
1087 908 1157 964 baec
1174 914 1216 964 est

170 1014 288 1086 propria
310 1020 407 1070 natura
428 1013 512 1070 animi
534 1019 615 1086 atque
636 1014 689 1070 uis.
732 1014 810 1082 Quae
832 1014 855 1071 si
878 1021 920 1072 cst
940 1032 994 1072 una
1016 1032 1050 1073 ex
1072 1015 1213 1087 omuibus,

176 1136 248 1196 quae
270 1138 301 1177 se
321 1121 381 1194 ipsa
403 1137 515 1193 semper
534 1127 659 1195 moueat,
693 1139 783 1195 neque
807 1127 871 1178 nata
897 1128 971 1178 certe
992 1128 1035 1179 est
1055 1128 1083 1179 et
1103 1128 1215 1178 aeterna

176 1225 245 1286 est”
290 1225 340 1287 55.
362 1228 438 1285 Licet
460 1235 623 1285 concurrant
643 1245 740 1285 omnes
762 1228 855 1301 plebei
877 1228 1038 1303 philosophi
1060 1229 1117 1298 (sic
1140 1229 1213 1286 enim

175 1336 212 1411 ii,
235 1336 283 1410 qui
305 1353 321 1393 a
343 1337 456 1392 Platone
478 1342 506 1393 et
528 1337 641 1393 Socrate
666 1341 693 1392 et
714 1337 749 1392 ab
772 1353 804 1392 ea
825 1336 929 1393 familia
951 1336 1094 1411 dissident,
1117 1339 1214 1409 appel·

175 1445 250 1501 landi
273 1437 425 1521 uidentur),
448 1461 504 1500 non
526 1445 610 1500 modo
633 1444 700 1500 nibil
723 1461 845 1517 uuquam
862 1451 918 1502 tam
935 1445 1075 1516 eleganter
1092 1443 1213 1516 explica·

170 1553 255 1624 bunt,
277 1553 327 1609 sed
350 1568 384 1608 ne
406 1552 461 1608 hoc
481 1550 594 1624 quidem
615 1553 708 1623 ipsum
730 1568 813 1624 quam
831 1552 968 1609 subtiliter
984 1552 1145 1607 conclusum
1165 1550 1211 1625 sit,

169 1659 340 1730 intelligent.
373 1658 461 1715 Sentit
481 1657 566 1730 igitur
587 1658 694 1714 animus
716 1675 747 1714 se
768 1658 893 1732 moueri3
915 1659 991 1732 quod
1013 1675 1100 1731 quum
1122 1660 1213 1732 sentit,

174 1768 245 1825 illud
271 1784 325 1823 una
352 1765 449 1839 sentit,
478 1781 510 1821 se
536 1765 564 1821 ui
592 1781 658 1839 sua,
681 1782 736 1821 non
765 1766 855 1822 aliena
875 1765 983 1822 moueri
1010 1783 1063 1822 nec
1089 1765 1215 1822 accidere

115 1930 118 1934 ,
175 1890 270 1948 posse,
292 1879 323 1929 ut
343 1872 404 1945 ipse
425 1889 548 1946 unquam
568 1890 584 1929 a
606 1889 636 1929 se
658 1873 808 1930 deseratur.
841 1875 886 1930 Ex
906 1891 963 1947 quo
985 1871 1104 1931 efficitur
1124 1879 1214 1930 aeter-

175 1981 262 2055 nitas3
280 1980 335 2037 nisi
345 1980 412 2053 quid
424 1980 508 2037 babes
519 1981 553 2036 ad
567 1980 643 2036 baec.
664 1980 699 2036 A.
710 1981 772 2053 Ego
785 1997 854 2038 uero
865 1981 946 2039 facile
957 1981 1010 2038 sim
1028 1997 1127 2053 passus
1139 1997 1175 2037 ne
1185 1979 1214 2036 in

174 2094 295 2147 mentem
306 2087 419 2161 quidem
430 2087 497 2144 mibi
504 2087 609 2161 aliquid
620 2093 714 2143 contra
724 2088 836 2159 uenire3
850 2087 886 2143 ita
899 2086 944 2159 isti
958 2087 1038 2144 iaueo
1051 2088 1215 2152 sententiae.
1278 2124 1282 2130 ·

259 2196 365 2252 XXIV.
397 2192 448 2254 56.
481 2197 520 2255 Μ.
547 2193 643 2264 Quid?
676 2195 724 2250 illa
752 2196 862 2251 totidem
888 2212 954 2250 num
975 2195 1082 2252 leuiora
1103 2210 1212 2267 censes,

175 2303 398 2379 quaedeclarant
419 2302 511 2359 inesse
533 2304 562 2360 in
583 2303 683 2360 animis
705 2301 848 2359 bominum
871 2302 963 2359 diuina
980 2303 1126 2376 quaedam,
1143 2318 1215 2377 quae

174 2411 200 2470 si
222 2426 374 2482 cernerem,
388 2410 622 2483 quemadmodum
639 2409 715 2466 nasci
733 2414 858 2483 possent,
876 2409 967 2483 ctiam,
979 2410 1214 2483 quemadmodum
1268 2437 1275 2451 ·

174 2518 334 2592 interirent,
361 2517 495 2574 uiderem.
538 2518 608 2575 Nam
630 2517 810 2589 sanguinem,
838 2517 939 2592 bilem,
965 2517 1104 2590 pituitam,
1133 2532 1214 2588 ossa,

175 2642 295 2701 neruos,
318 2641 420 2699 uenas,
449 2640 561 2682 omnem
583 2624 703 2699 denique
723 2625 914 2681 membrorum
935 2629 963 2680 et
983 2624 1066 2681 totius
1088 2623 1215 2697 corporis

175 2736 292 2808 liguram
315 2733 413 2791 uideor
433 2750 518 2806 posse
541 2732 643 2806 dicere,
666 2733 739 2789 unde
760 2736 888 2788 concreta
911 2736 938 2787 et
959 2747 1016 2804 quo
1037 2732 1123 2788 modo
1144 2730 1215 2788 lacta

176 2840 246 2915 sint;
268 2841 390 2897 animum
411 2840 513 2913 ipsum,
540 2840 564 2897 si
585 2839 654 2895 nibil
676 2844 749 2896 esset
770 2837 799 2895 in
829 2855 862 2895 eo
884 2838 939 2894 nisi
960 2837 1004 2912 id,
1027 2844 1057 2894 ut
1076 2855 1129 2911 per
1150 2855 1216 2896 eum

166 2946 344 3019 -uiueremus,
367 2953 423 3003 tam
442 2953 537 3004 natura
559 2953 683 3020 putarem
704 2945 824 3002 bominis
847 2946 932 3002 uitam
954 2946 1110 3020 sustentari,
1132 2962 1216 3020 mam

165 3053 255 3126 uitis,
286 3069 369 3126 quarn
396 3052 521 3126 arboris3
549 3054 617 3109 haec
642 3052 717 3109 enim
744 3052 827 3109 etiam
848 3053 966 3110 dicimus
995 3053 1101 3110 uiuere.
1145 3054 1216 3109 ltem

152 3145 200 3218 'si
221 3160 291 3217 nibil
313 3160 426 3217 baberet
447 3159 555 3217 animus
577 3159 708 3234 hominis,
731 3159 785 3216 nisi
809 3167 841 3217 ut
867 3166 1008 3233 appeteret
1029 3166 1075 3217 aut
1096 3158 1215 3231 lugeret,

174 3267 203 3326 id
226 3285 339 3341 quoque
360 3274 434 3325 esset
454 3267 480 3325 ei
502 3284 649 3325 commune
671 3284 734 3325 cum
756 3267 863 3324 bestiis.
906 3264 957 3325 57.
980 3267 1073 3323 Habet
1093 3266 1216 3340 primum

173 3375 337 3433 memoriam
358 3380 387 3432 et
406 3392 467 3432 eam
488 3374 623 3433 infinitam
644 3391 738 3432 rerum
760 3374 1023 3448 innumerabilium,
1046 3390 1130 3447 quam
1151 3375 1215 3448 qui·

173 3485 238 3541 dem
260 3486 338 3541 Plato
366 3482 585 3540 recordationem
611 3499 674 3540 esse
696 3482 755 3539 uult
782 3482 856 3539 uitae
884 3481 1045 3555 superioris.
1089 3482 1160 3539 Nam
1186 3483 1217 3539 in

173 3585 223 3643 illo
246 3587 337 3661 libro,
359 3586 408 3660 qui
430 3585 590 3643 inscribitur
611 3576 734 3657 Μένων,
757 3584 905 3656 pusionem
926 3584 1064 3658 quendam
1088 3584 1215 3641 Socrates

173 3692 323 3765 interrogat
343 3694 481 3766 quaedam
503 3691 669 3764 geometrica
690 3691 725 3747 de
747 3690 921 3748 dimensione
943 3689 1078 3764 quadrati.
1119 3690 1162 3747 ad
1184 3708 1217 3748 ea

240 3918 291 3967 qua
309 3918 323 3954 a
342 3903 442 3970 primo)
460 3919 509 3968 qua
528 3905 614 3969 primo
629 3904 660 3953 R.
692 3910 732 3954 est
748 3901 860 3968 animal)
878 3918 916 3954 an.
935 3908 975 3954 cst
992 3904 1024 3954 0.
1063 3902 1158 3969 cietur)
1177 3905 1218 3955 ci-

173 3995 239 4040 tetur
256 3990 287 4042 ll.
306 4001 333 4039 se
351 3985 422 4052 ipsa)
439 4003 468 4040 se
486 3993 568 4053 ipsam
586 3989 618 4039 u.
653 3987 696 4037 55.
723 4001 814 4040 omnes
835 3987 938 4052 plebei)
964 3989 1058 4051 plebeii
1075 4000 1165 4039 omnes
1184 3989 1215 4039 0.

173 4075 236 4127 illud
254 4072 320 4137 una)
336 4074 409 4125 illum
427 4087 477 4125 una
486 4075 519 4125 ll.
545 4073 596 4123 sim
614 4072 722 4139 passus)
738 4084 796 4124 sum
815 4087 840 4139 p.
859 4071 891 4124 0.
921 4071 964 4123 56.
982 4078 1071 4125 natura
1088 4073 1216 4137 putarem)

172 4167 286 4212 naturam
304 4173 329 4223 p.
346 4159 378 4211 a,
411 4157 454 4211 st.
470 4136 594 4207 ffltffll
611 4154 708 4209 uma
724 4158 759 4213 Ι.
777 4156 857 4211 leno
873 4155 906 4210 0.
