2610 4634
403 288 529 347 ern...t.
572 300 653 347 cnr.
675 285 811 349 etr—31.
1084 290 1127 353 29

88 489 220 547 uiolanda
240 489 354 548 fraudes
374 491 557 565 inexpiabiles
580 493 784 568 concepissent,
805 493 841 557 iis
863 493 975 552 denium
986 496 1127 568 quoddam

85 596 141 655 iter
161 613 240 673 esse,
263 599 403 655 seclusum
424 616 440 657 a
462 600 580 657 concilio
602 601 735 676 deorum;
763 602 812 675 qui
840 608 930 659 sutem
952 620 982 659 se
1003 603 1127 675 integros

86 712 234 778 castosque
251 707 447 781 semauissent,
468 707 627 781 quibusque
645 709 742 765 fuisset
755 710 868 768 minima
885 727 950 767 cum
961 712 1126 784 corporibus

85 815 225 888 contagio,
248 830 366 888 seseque
387 816 423 871 ab
444 815 478 872 iis
501 832 611 888 semper
632 818 839 874 scuuceuissent
855 824 1002 891 essentque
1018 818 1047 875 in
1063 836 1126 876 cor·

87 921 205 994 poribus
228 921 355 980 humanis
376 924 461 980 uitam
481 894 579 979 imitati
601 924 733 999 deorum,
760 924 795 982 iis
818 926 852 982 ad
873 926 957 1000 illos,
987 926 1126 1000 aquibus

86 1035 182 1086 essent
208 1030 341 1104 protecti,
370 1031 489 1087 reditum
515 1030 624 1088 facilem
654 1038 757 1104 patere.
801 1032 853 1092 73.
886 1035 982 1106 ltaque
1004 1052 1127 1092 comme-

88 1142 195 1208 morat,
216 1143 248 1193 ut
268 1138 366 1211 cygni,
396 1139 523 1211 quinon
545 1139 605 1195 sine
626 1156 709 1196 causa
736 1140 859 1212 Apollini
880 1141 960 1198 dicati
984 1142 1054 1212 sint,
1077 1142 1127 1200 sed

86 1244 164 1317 quod
185 1245 221 1301 nb
248 1261 283 1300 eo
310 1246 508 1303 diuinationem
534 1248 637 1305 babere
666 1248 827 1319 uideantur,
856 1263 909 1320 que
938 1250 1126 1325 procidentes,

78 1353 158 1429 ¹quid
178 1353 209 1411 in
230 1360 319 1413 morte
340 1353 408 1411 boni
430 1356 480 1425 sit,
504 1371 566 1411 eum
589 1362 668 1413 cantu
692 1364 719 1414 et
739 1356 880 1427 uoluptate
902 1357 1064 1431 moriantur,
1086 1357 1128 1414 sic

88 1461 220 1519 omuibus
242 1462 323 1519 bonis
345 1467 372 1518 et
399 1461 488 1518 doctis
517 1475 578 1515 esse
607 1458 772 1518 laciendum.
827 1464 885 1518 Nec
916 1480 984 1519 uero
1012 1465 1046 1521 de
1074 1464 1127 1522 boc

47 1592 50 1597 ·
88 1570 237 1643 quisquam
258 1568 385 1627 dubitare
406 1573 515 1641 posset,
544 1567 598 1624 nisi
619 1567 693 1625 idern
714 1568 795 1625 nobis
824 1569 959 1626 accideret
979 1571 1128 1642 diligenter

88 1678 126 1734 de
147 1677 241 1734 animo
263 1675 456 1750 cogitantibus,
470 1674 546 1748 quod
559 1673 593 1731 iis
607 1692 690 1747 saepe
701 1693 752 1735 usu
771 1676 856 1749 uenit,
869 1677 916 1750 qui
928 1694 1014 1750 quum
1028 1679 1128 1735 acriter

88 1783 179 1841 oculis
199 1783 373 1841 deiicientem
395 1784 484 1840 solem
505 1782 684 1858 intuerentur,
707 1790 738 1840 ut
758 1792 898 1857 aspectum
914 1786 1028 1842 omnino
1046 1787 1127 1845 amit·

88 1896 195 1965 terent3
218 1891 259 1948 sic
280 1890 379 1949 mentis
401 1890 475 1947 acies
497 1907 527 1946 se
548 1891 608 1962 ipsa
635 1891 744 1947 intuens
766 1909 964 1965 nonnunquam
992 1894 1127 1969 hebescit,

88 2000 127 2057 ob
149 2014 266 2073 eamque
286 2014 398 2056 causam
419 1999 621 2070 contemplandi
649 1999 819 2071 diligentiam
841 2000 998 2058 amittimus.
1031 2003 1127 2076 ltaque

89 2108 229 2181 dubitans,
251 2109 493 2179 circumspectans,
516 2106 664 2179 haesitans,
687 2109 771 2163 multa
789 2108 909 2193 aduersa
923 2125 1054 2165 reuerens
1066 2116 1126 2166 tan·

89 2232 174 2291 quem
195 2215 225 2272 in
246 2221 304 2272 rate
325 2214 354 2291 in
376 2213 445 2271 meri
466 2213 604 2271 immenso
626 2220 719 2270 nostre
740 2215 851 2271 uehitur
872 2214 951 2271 ratio.
996 2207 1046 2273 74.
1070 2216 1127 2274 Sed

88 2323 158 2381 baec
178 2330 208 2381 et
227 2329 322 2380 uetera
343 2328 371 2378 et
392 2338 408 2378 a
430 2321 553 2378 Graecis.
607 2322 674 2379 Cato
696 2328 787 2379 autem
809 2321 849 2378 sic
871 2321 938 2378 abiit
959 2338 975 2378 e
996 2323 1067 2397 uita,
1096 2328 1128 2380 ut

89 2447 201 2489 causam
228 2428 365 2487 moriendi
396 2434 506 2485 nactum
533 2447 564 2486 se
585 2447 647 2486 esse
670 2430 809 2502 gauderet.
860 2431 940 2487 Uetat
968 2430 1043 2486 enim
1074 2430 1127 2486 do-

89 2538 199 2596 minans
220 2536 269 2594 ille
297 2536 326 2593 in
355 2536 437 2592 nobis
465 2537 534 2593 deus
563 2536 669 2593 iniussu
697 2536 761 2592 hinc
789 2553 842 2592 nos
872 2552 922 2592 suo
952 2538 1126 2610 demigrare;

89 2662 176 2719 quum
197 2646 265 2703 uero
287 2660 398 2701 causam
420 2644 520 2700 iustam
542 2644 611 2701 deus
633 2643 694 2716 ipse
715 2643 839 2716 dederit,
873 2648 903 2698 ut
922 2648 987 2699 tune
1009 2643 1126 2716 Socrati,
1210 2702 1217 2720 ‚

89 2770 164 2810 nunc
184 2751 298 2827 Catoni,
328 2768 411 2824 saepe
432 2751 543 2807 multis:
570 2768 621 2807 nae
649 2750 697 2807 itte
724 2749 922 2807 mediusfidius
943 2749 988 2806 uir
1016 2750 1127 2822 sepiens

90 2862 179 2918 laetus
200 2876 235 2917 ex
256 2859 299 2916 bis
321 2859 442 2916 tenebris
464 2856 493 2915 in
516 2861 607 2915 lucem
627 2858 705 2914 illam
728 2856 878 2915 excesserit
899 2874 950 2913 nec
967 2864 1058 2914 temen
1077 2857 1126 2915 illa

89 2968 182 3026 uincto
204 2967 321 3025 carceris
343 2965 449 3040 ruperit
471 2966 563 3038 (leges
587 2965 660 3022 enim
682 2957 800 3038 neunt),
820 2966 870 3023 sed
886 2971 1014 3037 tnnquam
1032 2982 1048 3045 a
1066 2982 1126 3022 ma·

51 3102 55 3111 ·
90 3076 207 3149 gistrntu
228 3082 275 3132 aut
295 3075 331 3132 eb
352 3076 444 3154 eliqua
466 3079 601 3147 potestate
629 3071 767 3146 legitima,
802 3072 841 3129 sie
869 3090 885 3129 a
914 3073 967 3129 deo
995 3079 1126 3131 euocatus
1185 3115 1191 3122 ,

89 3180 177 3258 utque
195 3183 314 3242 emissus
336 3181 442 3239 exierit.
487 3183 557 3238 Tuta
579 3180 652 3235 enim
674 3180 907 3253 pbilosophorum
934 3180 1019 3267 uita,
1037 3187 1069 3237 ut
1088 3180 1127 3237 ait

89 3290 182 3363 idem,
204 3288 397 3347 commentatio
419 3288 515 3345 mortis
538 3293 589 3344 est.
643 3288 751 3343 XXXI.
785 3285 835 3346 75.
868 3289 939 3346 Nam
961 3288 1030 3361 quid
1050 3286 1126 3344 eliud

90 3397 209 3471 egimus,
231 3414 318 3470 quum
339 3414 355 3454 a
376 3398 526 3470 uoluptate,
550 3395 578 3451 id
601 3401 643 3452 est
664 3411 678 3450 a
700 3411 829 3468 corpore,
844 3411 930 3468 quum
954 3411 970 3451 a
991 3411 1021 3450 re
1043 3392 1125 3451 iami-

90 3505 164 3579 lieri,
181 3522 252 3577 quae
269 3511 311 3561 est
331 3503 454 3560 ministra
478 3511 504 3560 et
526 3503 628 3559 famulo
649 3504 786 3575 corporis,
810 3519 896 3575 quum
918 3519 934 3558 a
955 3500 1124 3575 republica,

89 3629 177 3689 qumn
198 3629 215 3670 a
235 3610 347 3684 negotio
371 3611 446 3668 omni
468 3627 630 3668 seuocamus
653 3608 797 3683 animum;
819 3607 898 3684 quid,
920 3608 1044 3684 inquam,
1066 3613 1125 3666 turn

160 3910 192 3961 ab
210 3908 260 3970 iis)
277 3908 308 3957 ab
326 3908 366 3956 bis
384 3905 441 3958 lli).
476 3903 690 3970 senoeeuissent)
708 3909 872 3954 scuocassent
888 3901 919 3952 0.
955 3904 987 3952 iis
1005 3905 1037 3954 ed
1055 3901 1126 3968 illos)

91 3994 135 4045 bls
152 3996 185 4045 ad
202 3994 261 4045 illus
278 3992 334 4046 tto,
368 3993 409 4042 73.
429 3994 497 4053 quod
515 3993 548 4041 iis
566 3989 664 4055 scope)
691 4004 741 4051 quo
760 3991 839 4039 bis-s.
859 3990 890 4038 R.
926 3987 1065 4052 reuerens)
1081 4002 1127 4038 re-

90 4086 196 4131 uertens
212 4080 245 4129 lt.
272 4080 316 4148 'tn
332 4076 401 4144 rate)
419 4083 471 4129 rate
489 4077 522 4132 0.
565 4078 642 4138 ratio)
666 4076 745 4127 oratio
768 4074 825 4125 tto.
869 4073 911 4128 rt.
938 4087 985 4125 nae
1010 4071 1066 4138 illc)
1093 4078 1126 4123 ne

90 4166 136 4217 illo
151 4162 187 4215 n.
