2610 4634
184 266 227 335 28
399 283 629 334 rusconarr.
661 285 1009 335 nrsrurnrrouou

185 476 233 534 Sic
254 482 375 534 mentem
395 475 533 550 bominis,
560 476 687 550 quamuis
708 494 769 535 eam
790 495 847 535 non
869 478 980 552 uideas,
1009 484 1040 539 ut
1062 480 1147 539 deum
1169 499 1227 541 non

184 584 285 659 uides3
313 591 404 641 tamen
425 590 455 642 ut
475 585 557 641 deum
579 584 708 656 agnoscis
729 602 765 642 ex
786 587 919 659 operibus
941 587 1018 663 eius,
1045 588 1087 645 sic
1108 607 1145 645 ex
1166 606 1227 648 me·

185 691 274 749 moria
295 708 388 748 rerum
415 698 443 748 et
470 691 630 748 inuentione
657 672 684 749 et
711 693 850 750 celeritate
879 701 970 753 motus
999 696 1133 769 omnique
1160 698 1225 770 pul-

184 798 339 857 chritudine
362 798 470 856 uirtutis
491 797 550 855 uim
571 797 694 856 diuinam
716 799 816 858 mentis
837 802 990 873 agnoscito.

256 906 376 963 ²xxlx.
398 906 432 962 ln
453 921 509 978 qno
533 906 618 977 igitur
639 908 702 963 loco
724 903 789 964 est‘t
820 909 911 966 Credo
934 907 1064 982 equidem
1085 910 1115 967 in
1136 913 1227 984 capite
1287 906 1295 917 ⁴

184 1005 233 1086 et,
244 1029 295 1070 cur
315 1013 435 1087 credam,
459 1013 557 1070 afferre
578 1030 710 1087 possum;
733 1016 782 1071 sed
795 1014 874 1088 alias,
893 1016 941 1073 ubi
958 1015 994 1073 sit
1010 1016 1135 1092 animus3
1150 1024 1226 1076 certe

107 1172 109 1179 .
183 1120 298 1194 quidem
326 1119 405 1195 inte
427 1127 477 1178 est.
522 1123 599 1191 Quae
621 1128 664 1178 est
684 1122 711 1178 ei
732 1120 851 1179 natura?
883 1123 1000 1195 Propria
1025 1129 1093 1196 puto
1115 1131 1144 1182 ot
1165 1143 1225 1187 sua.

184 1229 242 1286 Sed
263 1227 307 1285 lac
328 1228 449 1302 igneam,
473 1229 515 1286 lac
536 1229 718 1302 spirabilem:
747 1230 817 1287 nihil
844 1231 947 1304 adid,
970 1232 1005 1287 de
1027 1248 1084 1304 quo
1106 1233 1224 1305 agimus.

184 1335 259 1393 Illud
280 1336 364 1393 modo
387 1335 497 1410 uideto,
520 1343 550 1392 ut
570 1337 654 1394 deum
675 1337 770 1411 noris,
793 1337 844 1394 etsi
866 1339 926 1395 eius
948 1339 1061 1410 ignores
1083 1345 1111 1397 et
1132 1342 1225 1399 locum

184 1448 213 1500 et
233 1442 344 1517 taciem,
366 1444 406 1500 sic
427 1443 549 1501 animum
571 1445 621 1502 tibi
643 1451 720 1502 tuum
741 1451 838 1501 notum
859 1461 922 1502 esse
944 1453 1083 1521 oportere,
1096 1446 1179 1505 etiam
1199 1447 1225 1505 si

183 1550 297 1622 ignores
320 1557 347 1608 et
367 1553 461 1609 locum
482 1557 509 1608 et
529 1552 657 1610 formam.
702 1551 751 1610 71.
781 1554 814 1608 ln
844 1552 928 1609 animi
950 1558 1041 1610 autem
1064 1555 1224 1626 cognitione

184 1657 310 1715 dubitare
331 1676 389 1715 non
410 1675 576 1733 possumus,
598 1658 651 1715 nisi
673 1661 755 1732 plane
776 1659 805 1716 in
827 1659 948 1732 physicis
970 1661 1095 1733 plumbei
1116 1679 1223 1738 sumus,

183 1764 251 1838 quin
273 1764 342 1821 nibil
365 1765 400 1823 sit
421 1766 519 1823 animis
541 1766 703 1839 admixtum,
725 1767 796 1823 nibil
818 1773 993 1840 concretum,
1015 1769 1086 1825 nibil
1108 1772 1223 1843 copula·

182 1878 258 1946 tum,
281 1872 351 1930 nibil
374 1878 608 1946 coagmentatum,
636 1873 706 1930 nibil
733 1875 845 1946 duplex.
894 1875 977 1943 Quod
1005 1891 1092 1948 quum
1118 1877 1156 1934 ita
1177 1878 1250 1952 sit„

182 1986 257 2037 certe
278 1976 330 2036 nec
351 1981 459 2037 secerni
487 1998 539 2037 nec
560 1980 647 2037 diuidi
677 1999 727 2038 nec
753 1981 874 2053 discerpi
902 1999 954 2038 nee
981 1981 1097 2040 distrahi
1121 1990 1222 2058 potest,

182 2104 218 2144 ne
239 2087 352 2144 interire
375 2088 488 2161 quidem
509 2088 603 2160 igitur.
645 2089 698 2144 Est
722 2088 797 2146 enim
818 2088 944 2146 interitus
973 2089 1053 2162 quasi
1082 2091 1223 2149 discessus

182 2201 211 2253 et
231 2196 348 2252 secretio
370 2213 402 2254 ac
423 2196 575 2269 diremptus
604 2212 699 2252 earum
726 2197 862 2271 partium,
892 2213 963 2270 quae
992 2204 1055 2255 unte
1081 2197 1223 2255 interitum
1277 2201 1282 2209 ’

182 2302 322 2361 iunctione
344 2302 436 2376 aliqua
458 2305 629 2362 tenebantur.

267 2410 321 2468 llis
343 2418 371 2467 et
391 2411 491 2467 talibus
514 2410 666 2467 rationibus
688 2411 821 2467 adductus
852 2412 980 2469 Socrates
1002 2428 1054 2468 nec
1075 2417 1223 2484 patronum

183 2517 321 2592 quaesiuit
341 2519 376 2574 ad
397 2518 530 2576 iudicium
551 2518 647 2592 capitis
673 2535 726 2574 nec
751 2517 889 2575 iudicibus
918 2521 1036 2591 supplex
1062 2519 1116 2576 luit
1141 2518 1222 2576 adbi-

77 2658 82 2663 ·
182 2626 298 2700 buitque
319 2626 437 2685 liberam
457 2626 665 2699 contumaciam,
688 2643 704 2682 a
725 2625 913 2698 magnitudine
931 2626 1014 2683 animi
1033 2627 1153 2698 ductam,
1166 2644 1223 2684 non

182 2736 367 2811 asuperbia,
397 2740 424 2791 et
445 2750 574 2807 supremo
596 2734 669 2791 ruitae
696 2733 741 2790 die
763 2734 798 2790 de
820 2734 874 2791 boc
900 2734 962 2806 ipso
984 2736 1071 2791 multa
1092 2733 1223 2792 disseruit

182 2848 211 2899 et
231 2843 327 2913 paucis
348 2849 410 2899 ante
436 2842 534 2898 diebus
563 2857 649 2914 quum
671 2841 751 2898 facile
772 2846 867 2912 posset
887 2840 968 2897 educi
986 2859 1001 2898 e
1017 2842 1152 2915 custodia,
1169 2858 1221 2899 no-

182 2949 234 3007 luit
255 2956 282 3007 et
306 2941 395 3028 [tum]
419 2966 507 3022 paene
528 2950 557 3006 in
580 2948 740 3006 manniam
761 2947 935 3005 mortiterum
956 2949 1026 3005 illud
1049 2955 1145 3007 tenem
1168 2966 1220 3022 po·

181 3059 274 3114 culum
304 3058 411 3114 locutus
438 3056 476 3113 ita
504 3061 562 3128 cst,
595 3062 626 3113 ut
654 3073 709 3112 non
737 3056 771 3112 ad
802 3061 918 3113 mortem
945 3057 1041 3131 trudi,
1071 3074 1170 3113 uerum
1191 3057 1220 3114 in

144 3140 152 3161 ⁶
182 3167 292 3223 coelum
308 3165 449 3222 uideretur
463 3165 621 3222 escendere.
654 3161 810 3222 xxm.
828 3165 868 3220 lta
886 3163 961 3220 enim
976 3166 1106 3222 censebat
1127 3164 1221 3238 itaque
1286 3140 1290 3154 ⁵

181 3255 333 3348 disseruit,
356 3273 424 3329 duas
446 3289 509 3330 esse
530 3272 590 3329 u'ias
619 3271 799 3344 duplicesque
820 3286 917 3327 cursus
940 3271 1096 3328 animorum
1117 3277 1220 3328 e’cor·

182 3400 252 3457 pore
291 3380 491 3440 excedentium.
544 3381 614 3436 Nam
653 3380 702 3453 qui
735 3396 766 3436 se
806 3378 935 3434 humanis
973 3377 1048 3435 uitiis
1086 3379 1221 3436 contami·

182 3491 324 3550 nauisscnt
344 3498 372 3549 et
392 3508 423 3548 se
450 3495 521 3546 totos
551 3487 712 3545 libidinibus
740 3488 897 3558 dedissent,
925 3485 1027 3558 quibus
1050 3485 1150 3542 caemti
1172 3488 1220 3543 uel

181 3599 341 3658 domesticis
360 3593 450 3677 [uitiis
466 3586 563 3673 atque]
575 3596 684 3668 flagitiis
705 3613 735 3653 se
751 3593 971 3668 inquinauissent
991 3595 1037 3650 uel
1060 3593 1221 3665 republica

251 3819 572 3882 omninnoomniaquett.
607 3815 735 3880 diuinum)
752 3816 847 3866 diuina
856 3814 888 3863 R.
923 3815 996 3877 alins,
1013 3814 1057 3863 ubi
1076 3813 1124 3877 sit)
1141 3814 1219 3863 alias:

183 3915 259 3967 nunc,
274 3903 364 3953 ubiubi
382 3903 457 3953 sltO.
492 3909 531 3953 est
547 3901 586 3966 ei)
602 3906 643 3951 est
659 3900 724 3950 etR.
758 3900 801 3949 tl.
818 3912 850 3949 ne
868 3898 971 3948 interire
988 3897 1108 3962 quidem)
1126 3911 1157 3947 ne
1176 3899 1220 3947 in-

183 3988 259 4039 terire
276 3988 309 4038 ll.
342 4001 389 4039 nee
407 3989 509 4038 interire
519 3987 550 4038 0.
585 3982 741 4048 diremptus)
758 3985 872 4045 direptos
880 3983 912 4031 ll.
938 3979 1033 4048 [turn])
1050 3983 1174 4033 osanne.
1186 3983 1218 4031 a.

182 4086 262 4137 quum
280 4073 312 4123 0.
346 4071 450 4137 tenens)
468 4077 565 4124 teneret
580 4071 612 4122 0.
645 4066 689 4117 '7¹2-
705 4064 1026 4128 centumcentumn
1042 4065 1075 4118 0.
1108 4068 1152 4119 uel
1170 4068 1221 4119 do-

183 4157 313 4224 mesticis)
329 4159 401 4211 nelnt
414 4158 486 4211 dom.
502 4157 535 4209 ll.
918 4162 925 4193 r
947 4148 1006 4203 llo.
