2610 4634
173 273 218 337 24
385 281 613 334 ruscucan.
644 284 996 332 nrsruraurouuru

259 479 352 536 XXV.
380 475 432 537 80.
459 477 586 546 Quorsus
607 475 692 549 igitur
720 477 791 534 haec
809 482 914 548 spectat
935 473 1049 534 oratio?
1076 477 1156 546 Quae
1184 476 1221 534 sit

175 588 222 646 illa
248 586 292 644 uis
320 592 348 643 et
376 586 469 659 unde,
503 584 543 642 sic
570 583 782 657 intelligendum
802 591 877 656 puto.
921 584 986 640 Non
1007 590 1050 641 est
1071 590 1146 641 certe
1167 600 1220 640 nec

175 693 266 752 cordis
300 709 352 750 uec
385 672 527 765 sanguinis
553 709 606 749 uec
634 691 741 749 cerebri
770 708 822 748 nec
854 697 1024 763 atomorum3
1059 691 1151 747 anima
1183 689 1220 748 sit
1264 711 1275 720 ²

174 802 300 875 ignisne,
321 800 431 873 nescio,
455 817 506 857 nec
534 816 579 857 me
607 800 707 872 pudet,
731 806 761 856 ut
781 799 860 873 istos,
883 797 963 855 fateri
984 797 1108 872 nescire,
1141 798 1220 872 quod

175 909 313 980 nesciam3
341 907 429 980 illud,
458 906 482 963 si
512 907 567 963 ulla
595 906 647 963 alia
674 906 710 962 de
738 924 769 962 re
792 908 910 964 obscura
932 903 1072 965 affirmare
1093 922 1218 978 possem,

174 1015 235 1074 siue
256 1015 346 1073 anima
368 1014 427 1072 siue
449 1013 521 1086 ignis
549 1013 585 1070 sit
606 1013 732 1088 animus,
761 1031 825 1071 eum
853 1015 973 1072 iurarem
995 1029 1058 1070 esse
1080 1013 1216 1069 diuinum.

174 1123 249 1193 Quid
271 1123 356 1195 euim,
379 1122 497 1179 obsecro
519 1127 556 1194 te,
580 1127 687 1177 terrane
709 1121 760 1178 tibi
782 1121 835 1178 hoc
856 1122 993 1178 nebuloso
1015 1125 1043 1176 et
1062 1120 1218 1192 caliginoso

174 1233 253 1288 coelo
275 1237 322 1287 aut
343 1234 402 1286 sata
427 1236 474 1285 aut
501 1234 628 1285 concreta
655 1228 765 1285 uidetur
791 1236 863 1286 tanta
891 1229 934 1285 uis
962 1224 1136 1284 memoriae?
1174 1227 1216 1303 Si,

173 1339 241 1414 quid
265 1338 384 1410 sithoc,
406 1353 463 1392 non
485 1336 574 1409 uides,
597 1341 633 1407 at,
660 1336 742 1408 quale
756 1334 801 1410 sit,
819 1335 917 1408 uides3
940 1333 963 1390 si
981 1352 1016 1392 ne
1038 1334 1067 1391 id
1089 1334 1216 1406 quidem,

172 1452 217 1520 at,
240 1451 372 1519 quantum
394 1444 445 1516 sit,
467 1442 592 1515 proiecto
614 1442 703 1499 uides.
747 1440 798 1501 61.
826 1442 901 1511 Quid
922 1438 1032 1514 igitur?
1054 1447 1147 1498 utrum
1169 1458 1216 1499 ca·

172 1553 318 1627 pacitatem
344 1552 465 1624 aliquam
495 1552 523 1606 in
551 1551 643 1607 animo
670 1555 797 1623 putamus
826 1566 905 1621 esse,
938 1566 995 1623 qxro
1023 1554 1154 1622 tanquam
1186 1548 1216 1606 in

172 1655 287 1728 aliquod
309 1670 357 1711 uas
385 1673 433 1732 ea,
456 1674 528 1730 quae
553 1657 747 1732 meminimus,
770 1631 971 1714 infundantur?
1003 1656 1165 1713 Absurdum
1186 1656 1217 1712 id

173 1761 295 1836 quidem.
335 1763 390 1833 Qui
412 1762 485 1820 enim
507 1763 610 1821 fundus
632 1771 679 1821 cut
700 1781 772 1837 quae
794 1764 855 1820 talis
877 1763 961 1820 animi
985 1765 1073 1836 ligura
1096 1763 1215 1834 intelligi

171 1874 264 1941 potest
285 1875 331 1926 aut
352 1886 423 1943 quae
445 1875 520 1928 tanta
541 1870 654 1928 omniuo
677 1868 835 1944 capacitas?
856 1872 900 1928 An
922 1871 1045 1943 imprimi
1066 1871 1145 1944 quasi
1167 1888 1215 1928 ce·
1288 1891 1292 1899 ’

171 1993 230 2034 ram
252 1976 374 2033 animum
396 1985 525 2051 putamus
547 1984 575 2035 et
596 1995 658 2035 esse
681 1978 843 2036 memoriam
865 1979 1034 2050 signatarum
1062 1994 1156 2034 rerum
1185 1977 1214 2034 in

171 2091 264 2141 mente
285 2082 427 2157 uestigia?
460 2086 538 2154 Quae
559 2092 677 2157 possunt
697 2086 860 2159 uerborum,
883 2103 954 2159 quae
975 2102 1069 2142 rerum
1090 2085 1214 2158 ipsarum

171 2207 234 2249 esse
261 2192 392 2268 uestigia,
421 2210 492 2267 quae
519 2210 605 2266 porro
626 2199 682 2249 tem
703 2193 837 2251 immensa
859 2193 1036 2266 magnitudo,
1066 2209 1138 2265 quae
1166 2192 1214 2250 illa

171 2304 227 2356 tem
248 2301 332 2356 multa
353 2301 441 2373 possit
463 2297 619 2372 effingere?
651 2299 750 2369 Quid?
783 2302 831 2358 illa
859 2300 902 2358 uis
930 2318 1001 2374 quae
1027 2300 1137 2357 tandem
1160 2306 1212 2373 est,
1296 2312 1299 2319 “

171 2423 242 2482 quae
263 2407 411 2480 inuestigat
432 2409 548 2481 occulta,
567 2425 638 2481 quae
655 2409 779 2466 inuentio
804 2416 886 2482 atque
909 2407 1072 2480 excogitatio
1089 2403 1212 2464 dicitur?

170 2513 214 2571 Ex
235 2514 323 2571 hacne
345 2514 394 2571 tibi
415 2520 526 2571 terrena
547 2516 713 2589 mortalique
735 2523 830 2573 natura
859 2522 886 2572 et
908 2516 1009 2573 caduca
1030 2521 1158 2572 concreta
1180 2533 1212 2572 ea

105 2700 111 2709 1
170 2621 297 2695 uidetur,
330 2619 380 2680 62.
404 2627 451 2678 aut
472 2620 520 2696 qui
541 2622 665 2695 primus,
695 2624 771 2695 quod
794 2640 916 2706 summae
939 2623 1088 2695 sapientiae
1108 2622 1213 2695 Pytha·

110 2810 113 2815 .
170 2745 255 2802 gorae
276 2729 368 2786 uisum
390 2735 442 2804 est,
465 2731 593 2787 omuibus
616 2731 700 2787 rebus
722 2731 854 2803 imposuit
876 2730 997 2803 nomina,
1016 2735 1064 2785 aut
1084 2728 1132 2802 qui
1154 2728 1211 2787 dis·

170 2835 275 2909 sipatos
298 2837 423 2894 homines
448 2836 629 2909 congregauit
650 2842 677 2893 et
698 2837 733 2892 ad
754 2837 913 2894 societatem
934 2837 1008 2894 uitae
1036 2835 1213 2909 conuocauit,

170 2948 217 3000 aut
246 2942 294 3016 qui
316 2958 400 3000 sonos
430 2942 525 3015 uocis,
553 2944 601 3016 qui
623 2943 723 3000 infiniti
745 2943 919 3019 uidebantur,
942 2946 1037 3017 paucis
1059 2945 1212 3001 litterarum

171 3049 243 3107 uotis
266 3049 432 3126 terminauit,
455 3056 501 3106 aut
522 3049 571 3124 qui
592 3051 743 3108 errantium
764 3051 906 3108 stellarum
928 3069 1043 3125 cursus,
1065 3068 1212 3124 praegres-

170 3143 263 3213 siones
285 3152 495 3231 institionesque
516 3153 645 3214 notauit?
668 3157 773 3215 Omnes
801 3157 909 3233 magni;
931 3158 1015 3216 etiam
1039 3159 1210 3232 superiores,

170 3263 218 3336 qui
240 3263 346 3336 fruges,
368 3264 418 3337 qui
434 3263 573 3338 uestitum,
593 3263 641 3337 qui
658 3270 737 3338 tecta,
760 3266 807 3338 qui
830 3268 933 3322 cultum
955 3267 1037 3340 uitae,
1060 3266 1108 3339 qui
1130 3283 1210 3339 prae-

169 3370 240 3429 sidia
261 3376 356 3428 contra
377 3371 450 3428 ieras
471 3370 652 3446 inuenerunt,
681 3389 696 3429 a
724 3373 826 3445 quibus
848 3373 1027 3431 mansuefacti
1056 3380 1083 3429 et
1109 3374 1212 3431 exculti

170 3497 186 3536 a
208 3480 371 3537 necessariis
393 3478 515 3536 artificiis
537 3479 572 3535 ad
594 3478 763 3551 elegantiora
789 3482 964 3538 defluximus.
1014 3481 1085 3537 Nam
1111 3486 1139 3536 ct
1160 3498 1210 3537 au-

170 3585 248 3644 ribus
271 3587 417 3644 oblectatio
440 3604 538 3659 magna
565 3593 643 3659 parta
664 3594 705 3645 est
726 3588 838 3646 inuenta
860 3595 887 3645 et
907 3595 1057 3662 temperate
1078 3587 1211 3644 uarietate

170 3700 198 3750 et
217 3700 313 3750 natura
335 3711 485 3774 sonorum,
511 3701 538 3751 et
558 3701 630 3752 astra
652 3695 844 3769 suspeximus,
874 3714 960 3770 quum
982 3714 1031 3769 ea,
1053 3711 1124 3769 quae
1147 3700 1210 3751 sunt

169 3800 253 3857 infixa
275 3800 358 3858 certis
381 3801 461 3874 locis,
484 3808 542 3858 tum
564 3802 613 3859 illa
633 3821 690 3859 non
711 3820 752 3877 re,
768 3805 817 3860 sed
838 3804 978 3860 uocabulo
989 3803 1118 3878 errantia,
1137 3819 1209 3875 quo·

235 3978 277 4027 60.
297 3980 377 4042 uude,
396 3980 448 4043 sic)
470 3984 538 4033 undu
556 3984 590 4033 sit
606 3983 662 4034 tto.
695 3983 809 4049 ignisne)
826 3984 927 4046 ignisne
944 3983 975 4032 ll.
1006 3983 1053 4033 tibi
1072 3984 1135 4047 troc)
1152 3985 1208 4050 tibi,

168 4070 212 4114 aut
229 4064 276 4113 troo
294 4062 325 4111 0.
366 4063 407 4112 ot
431 4079 488 4116 esse
507 4069 657 4120 memoriam
665 4067 678 4133 ),
694 4080 771 4122 mern.
796 4080 854 4118 esse
872 4065 904 4118 0.
930 4067 981 4117 02.
999 4067 1207 4134 institioncsque)

168 4149 392 4212 institutionesque
408 4150 439 4200 a.
459 4150 604 4204 institiones
624 4152 656 4203 Ο.
691 4165 772 4216 uuum
789 4151 841 4217 aa)
864 4157 920 4203 turn
937 4164 969 4203 ea
984 4151 1039 4217 (tt)
1056 4153 1087 4206 Ο.
