2610 4634
200 287 242 347 62
349 368 352 373 ἱ
413 296 1020 345 ruscunsn.orsrurnrronuu

200 508 273 564 quae
294 496 391 546 natura
412 495 582 561 aspernetur,
605 488 634 543 in
655 487 736 543 malis
758 502 830 560 esse,
852 503 923 563 quae
945 488 1071 559 asciscat,
1092 486 1125 544 in
1146 487 1237 545 bonis.

150 602 153 608 '
201 598 265 654 Hoc
286 597 376 670 posito
405 601 433 651 et
459 594 610 651 uerborum
638 593 841 649 concertatione
868 593 976 650 sublata
1007 600 1114 650 tantum
1147 600 1237 651 tamen

201 706 319 762 excellet
344 680 430 773 illud,
459 700 536 774 quod
563 706 637 755 recte
664 700 854 770 amplexantur
879 698 941 773 isti,
971 700 1048 772 quod
1077 701 1236 775 honestum,

200 812 277 885 quod
298 816 417 879 rectum,
440 807 516 879 quod
540 807 673 862 decorum
695 790 882 878 appellanius,
905 806 981 877 quod
1001 805 1077 862 idem
1098 807 1238 864 interdum

200 915 310 975 uirtutis
338 913 450 972 nomine
472 911 680 984 amplectimur,
708 919 739 968 ut
760 911 852 968 omnia
880 918 1037 984 praeterea,
1068 929 1143 986 quae
1163 914 1238 970 bona

200 1022 325 1095 corporis
351 1027 379 1077 et
399 1020 525 1076 fortunae
546 1024 691 1092 putantur,
719 1018 870 1090 perexigua
898 1025 925 1074 et
951 1020 1058 1075 minuta
1078 1019 1236 1092 uideantur,

199 1147 236 1186 ue
258 1131 362 1185 malum
378 1125 492 1200 quidem
513 1126 602 1181 ullum
624 1142 686 1198 nee,
704 1124 728 1180 si
749 1125 778 1181 in
800 1142 886 1181 unum
908 1127 1000 1181 locum
1022 1127 1123 1182 collata
1146 1126 1238 1183 omnia

201 1235 364 1308 sint,1cum
390 1232 565 1303 turpitudinis
593 1233 667 1288 malo
694 1232 886 1311 comparanda.
940 1229 991 1290 31.
1015 1228 1108 1302 Quare
1135 1233 1176 1306 si,
1208 1240 1238 1289 ut

200 1339 279 1397 initio
298 1338 485 1412 concessisti,
518 1337 658 1410 turpitudo
686 1337 765 1410 peius
787 1343 831 1394 est
855 1354 939 1410 quam
966 1339 1064 1411 dolor,
1097 1339 1169 1395 nibil
1195 1336 1237 1396 est

163 1478 168 1488 ·
200 1449 283 1521 plane
305 1448 395 1503 dolor.
444 1446 524 1501 Nam·
537 1445 603 1501 dum
631 1443 681 1502 tibi
703 1451 782 1516 turpe
805 1428 856 1500 nec
877 1443 992 1515 dignum
1012 1443 1075 1500 uiro
1096 1445 1237 1502 uidebitur

200 1571 324 1627 gemere,
347 1552 466 1625 eiulare,
490 1551 648 1624 lamentari,
670 1551 776 1624 frangi,
799 1551 936 1607 debilitari
958 1552 1071 1624 dolore,
1094 1545 1164 1607 duni
1184 1551 1236 1608 bo·

201 1668 309 1734 nestas,
333 1662 400 1716 dum
424 1659 560 1732 dignitas,
589 1660 656 1714 dum
677 1659 761 1715 decus
784 1658 885 1731 aderit,
913 1664 999 1729 tuque
1020 1657 1050 1713 in
1071 1674 1105 1714 ea
1125 1658 1235 1714 intuens

200 1775 227 1825 te
249 1766 422 1824 continebis:
451 1761 530 1821 cedet
551 1765 676 1836 proiecto
698 1764 793 1821 uirtuti
820 1764 902 1821 dolor
923 1771 951 1820 et
971 1763 1054 1819 animi
1075 1763 1235 1821 inductione
1270 1762 1273 1769 '

200 1874 368 1944 languescet.
400 1871 457 1926 Aut
477 1870 552 1926 enim
572 1871 648 1926 nulla
669 1870 757 1927 uirtus
779 1877 831 1944 est,
850 1877 898 1928 aut
915 1870 1131 1941 contemnendus
1143 1870 1234 1928 omnis

201 1980 291 2034 dolor.
345 1976 559 2033 Prudentiamne
581 1976 624 2032 uis
646 1994 725 2051 esse,
754 1977 814 2034 sine
836 1994 891 2050 qua
912 1994 946 2032 ne
973 1976 1093 2048 intelligi
1120 1977 1235 2050 quidein

200 2085 258 2141 ulla
279 2083 368 2139 uirtus
393 2080 505 2155 potest?
529 2082 602 2151 Quid
624 2081 715 2154 ergo?
744 2101 776 2141 ea
797 2084 950 2156 patieturne
971 2091 998 2139 te
1019 2083 1171 2156 quicquam
1191 2083 1234 2140 ia-

200 2206 263 2246 cere
290 2191 359 2246 nihil
381 2189 569 2262 proficientem
596 2198 623 2247 et
644 2191 830 2264 laborantem,
859 2208 893 2246 an
916 2189 1095 2263 temperantia
1116 2192 1189 2246 sinet
1209 2195 1235 2246 te

200 2297 379 2354 immoderate
401 2296 492 2353 iacere
513 2297 672 2370 quiequam,
695 2314 730 2354 an
752 2296 806 2353 coli
829 2297 931 2353 iustitia
952 2296 1052 2369 poterit
1069 2297 1105 2352 ab
1121 2296 1234 2353 bomine

125 2387 132 2396 ”
196 2410 315 2477 propter
336 2405 394 2458 uim
421 2403 526 2459 doloris
553 2404 711 2460 enuntiante
742 2403 1067 2477 commissa,‹prodeute
1096 2403 1234 2477 conscios,

200 2513 286 2568 multa
307 2510 399 2567 cilicia
420 2506 615 2581 relinquente?
649 2507 700 2568 32.
730 2507 827 2579 Quid?
856 2509 1010 2567 tortitudini
1032 2510 1234 2582 comitibusque

201 2617 271 2693 eius,
282 2615 463 2690 magnitudini
485 2615 579 2690 animi,
602 2616 737 2689 grauitati,
760 2615 915 2688 patientiae,
939 2633 1031 2673 rerum
1052 2616 1235 2673 humanarum

196 2725 396 2797 despicientiae
424 2725 585 2796 quomodo
612 2719 818 2796 respondebis?
850 2721 1011 2778 Altlictusne
1039 2729 1067 2779 et
1092 2724 1187 2779 iacens
1207 2727 1235 2778 et

195 2832 371 2888 lamentabili
392 2846 462 2886 uoce
484 2830 631 2901 deplorans
656 2829 774 2886 audies:
797 2828 822 2886 0
844 2828 936 2885 uirum
957 2825 1080 2884 sortem?
1103 2829 1145 2885 Te
1166 2845 1234 2886 uero

201 2937 238 2993 ita
259 2935 386 2993 affectum
415 2951 450 2991 ne
477 2934 569 2991 uirum
597 2912 710 3009 quidem
739 2937 888 3009 quisquam
914 2934 1023 2991 dixerit.
1076 2934 1234 3003 Amittcnda

200 3042 285 3114 igitur
306 3041 447 3098 fortitudo·
461 3047 512 3114 est,
534 3047 580 3097 aut
601 3041 777 3112 sepeliendus
798 3043 889 3098 dolor.

276 3148 363 3204 titt.
384 3146 494 3219 Ecquid
517 3146 570 3203 sois
592 3147 691 3222 igitur,
721 3148 745 3205 si
766 3147 834 3221 quid
856 3148 891 3204 de
913 3145 1065 3204 Corinthiis
1086 3146 1142 3203 tuis
1163 3146 1234 3202 ami·
1266 3214 1268 3219 ⁴

200 3254 283 3328 seris,
304 3270 389 3327 posse
410 3254 514 3310 babere
534 3260 562 3311 te
584 3254 720 3326 reliquam
741 3254 942 3326 supellectilem
961 3253 1083 3325 saluam3
1104 3253 1234 3309 uirtutem

201 3368 292 3418 autem
313 3360 337 3417 si
358 3377 442 3416 unam
466 3359 609 3442 amiseris3
638 3360 689 3417 etsi
710 3360 797 3417 amitti
817 3376 874 3416 non
894 3365 987 3432 potest
1006 3358 1111 3430 uirtus,
1137 3359 1188 3414 sed
1208 3357 1234 3414 si

201 3484 285 3525 unam
307 3467 451 3524 confessus
473 3466 558 3522 tueris
581 3471 607 3522 te
630 3483 686 3523 non
708 3466 827 3539 habere,
857 3467 963 3522 nullam
989 3469 1100 3521 essete
1122 3463 1233 3521 habitu-

197 3618 200 3625 ’
269 3610 432 3700 aspernetur)
447 3620 597 3685 'aspernatur
614 3625 646 3675 n.
681 3625 766 3675 omnio
784 3620 855 3686 sint)
882 3623 966 3672 omniu
989 3626 1048 3670 sunt
1065 3620 1096 3670 R.
1132 3620 1175 3670 31.
1194 3623 1234 3672 ls-

201 3705 329 3769 mentari)
347 3707 484 3758 lamentare
502 3708 533 3758 It.
574 3707 684 3774 dolore]
704 3709 789 3759 delere
807 3706 838 3756 tt.
874 3705 955 3768 dum)
974 3708 1028 3754 tum
1046 3706 1078 3754 ll.
1095 3704 1173 3768 (ter)
1190 3706 1234 3754 in-

198 3786 297 3852 tuens)
313 3790 419 3839 intueris
433 3791 478 3842 a..
494 3793 542 3841 sed
563 3783 628 3842 corr.
645 3795 675 3842 in
691 3793 803 3842 intuens.
848 3788 1026 3852 relinquente)
1047 3790 1234 3856 relinquentem

202 3870 245 3932 lt,
278 3874 323 3920 aed
340 3887 407 3923 corr.
424 3876 453 3923 tn
470 3877 636 3936 relinquente.
653 3875 695 3924 32.
731 3875 866 3937 grauitati)
885 3875 1007 3935 grauitate
1024 3874 1066 3935 tt,
1102 3874 1232 3941 sedeorr.

197 3955 230 4002 'tn
255 3956 381 4014 grauitati.
424 3957 526 4022 audies)
549 3960 656 4009 audiens
673 3959 708 4009 ltr
750 3960 887 4020 quisquam
903 3957 1010 4019 dixerit)
1028 3958 1077 4007 dir.
1096 3957 1180 4018 quisq.
1200 3955 1233 4005 0.

201 4039 224 4086 si
243 4036 319 4100 quid)
337 4038 366 4087 si·
377 4038 436 4099 quis
452 4040 484 4089 n.
519 4042 719 4117 supeltectilem)
735 4042 912 4105 supplectilem
923 4043 955 4092 n.
991 4043 1124 4091 consessus
1143 4040 1232 4103 tueris)

201 4134 224 4171 c.
242 4121 292 4170 eris
309 4119 340 4171 Ο.
377 4132 434 4170 esse
453 4124 488 4184 to)
513 4130 536 4173 te
554 4138 611 4175 esse
630 4124 662 4174 0.
